%YAML 1.1
%TAG !u! tag:unity3d.com,2011:
--- !u!29 &1
Scene:
  m_ObjectHideFlags: 0
  m_PVSData: 
  m_QueryMode: 1
  m_PVSObjectsArray: []
  m_PVSPortalsArray: []
  m_OcclusionBakeSettings:
    viewCellSize: 1
    bakeMode: 2
    memoryUsage: 10485760
--- !u!104 &2
RenderSettings:
  m_Fog: 0
  m_FogColor: {r: .5, g: .5, b: .5, a: 1}
  m_FogMode: 3
  m_FogDensity: .00999999978
  m_LinearFogStart: 0
  m_LinearFogEnd: 300
  m_AmbientLight: {r: .498039007, g: .498039007, b: .498039007, a: 1}
  m_SkyboxMaterial: {fileID: 0}
  m_HaloStrength: .5
  m_FlareStrength: 1
  m_HaloTexture: {fileID: 0}
  m_SpotCookie: {fileID: 0}
  m_ObjectHideFlags: 0
--- !u!127 &3
GameManager:
  m_ObjectHideFlags: 0
--- !u!157 &4
LightmapSettings:
  m_ObjectHideFlags: 0
  m_LightProbes: {fileID: 0}
  m_Lightmaps: []
  m_LightmapsMode: 1
  m_BakedColorSpace: 0
  m_UseDualLightmapsInForward: 0
  m_LightmapEditorSettings:
    m_Resolution: 50
    m_LastUsedResolution: 0
    m_TextureWidth: 1024
    m_TextureHeight: 1024
    m_BounceBoost: 1
    m_BounceIntensity: 1
    m_SkyLightColor: {r: .860000014, g: .930000007, b: 1, a: 1}
    m_SkyLightIntensity: 0
    m_Quality: 0
    m_Bounces: 1
    m_FinalGatherRays: 1000
    m_FinalGatherContrastThreshold: .0500000007
    m_FinalGatherGradientThreshold: 0
    m_FinalGatherInterpolationPoints: 15
    m_AOAmount: 0
    m_AOMaxDistance: .100000001
    m_AOContrast: 1
    m_LODSurfaceMappingDistance: 1
    m_Padding: 0
    m_TextureCompression: 0
    m_LockAtlas: 0
--- !u!196 &5
NavMeshSettings:
  m_ObjectHideFlags: 0
  m_BuildSettings:
    agentRadius: .400000006
    agentHeight: 1.79999995
    agentSlope: 45
    agentClimb: .400000006
    ledgeDropHeight: 0
    maxJumpAcrossDistance: 0
    accuratePlacement: 0
    minRegionArea: 2
    widthInaccuracy: 16.666666
    heightInaccuracy: 10
  m_NavMesh: {fileID: 0}
--- !u!1 &258920746
GameObject:
  m_ObjectHideFlags: 0
  m_PrefabParentObject: {fileID: 100008, guid: 2375d40d33e6c408a98c3f405bd480c7, type: 2}
  m_PrefabInternal: {fileID: 809351629}
  serializedVersion: 3
  m_Component:
  - 4: {fileID: 258920747}
  - 114: {fileID: 258920748}
  m_Layer: 31
  m_Name: Graphs
  m_TagString: Untagged
  m_Icon: {fileID: 0}
  m_NavMeshLayer: 0
  m_StaticEditorFlags: 0
  m_IsActive: 1
--- !u!4 &258920747
Transform:
  m_ObjectHideFlags: 0
  m_PrefabParentObject: {fileID: 400008, guid: 2375d40d33e6c408a98c3f405bd480c7, type: 2}
  m_PrefabInternal: {fileID: 809351629}
  m_GameObject: {fileID: 258920746}
  m_LocalRotation: {x: 0, y: 0, z: 0, w: 1}
  m_LocalPosition: {x: 0, y: 0, z: 0}
  m_LocalScale: {x: 1, y: 1, z: 1}
  m_LocalEulerAnglesHint: {x: 0, y: 0, z: 0}
  m_Children: []
  m_Father: {fileID: 1978688141}
--- !u!114 &258920748
MonoBehaviour:
  m_ObjectHideFlags: 0
  m_PrefabParentObject: {fileID: 11400004, guid: 2375d40d33e6c408a98c3f405bd480c7,
    type: 2}
  m_PrefabInternal: {fileID: 809351629}
  m_GameObject: {fileID: 258920746}
  m_Enabled: 1
  m_EditorHideFlags: 0
  m_Script: {fileID: 11500000, guid: a715a941fb2ef424cb5138f50d1d2f0b, type: 1}
  m_Name: 
--- !u!1 &405547966
GameObject:
  m_ObjectHideFlags: 0
  m_PrefabParentObject: {fileID: 100008, guid: 9dc677fbc7e2844f1b725d0aa5e2e3f0, type: 2}
  m_PrefabInternal: {fileID: 1615520134}
  serializedVersion: 3
  m_Component:
  - 4: {fileID: 405547967}
  - 33: {fileID: 405547969}
  - 23: {fileID: 405547968}
  m_Layer: 11
  m_Name: Sphere
  m_TagString: Untagged
  m_Icon: {fileID: 0}
  m_NavMeshLayer: 0
  m_StaticEditorFlags: 0
  m_IsActive: 1
--- !u!4 &405547967
Transform:
  m_ObjectHideFlags: 0
  m_PrefabParentObject: {fileID: 400008, guid: 9dc677fbc7e2844f1b725d0aa5e2e3f0, type: 2}
  m_PrefabInternal: {fileID: 1615520134}
  m_GameObject: {fileID: 405547966}
  m_LocalRotation: {x: 0, y: 0, z: 0, w: 1}
  m_LocalPosition: {x: 0, y: 0, z: 0}
  m_LocalScale: {x: 2, y: 2, z: 2}
  m_LocalEulerAnglesHint: {x: 0, y: 0, z: 0}
  m_Children: []
  m_Father: {fileID: 696362172}
--- !u!23 &405547968
Renderer:
  m_ObjectHideFlags: 0
  m_PrefabParentObject: {fileID: 2300006, guid: 9dc677fbc7e2844f1b725d0aa5e2e3f0,
    type: 2}
  m_PrefabInternal: {fileID: 1615520134}
  m_GameObject: {fileID: 405547966}
  m_Enabled: 1
  m_CastShadows: 1
  m_ReceiveShadows: 1
  m_LightmapIndex: 255
  m_LightmapTilingOffset: {x: 1, y: 1, z: 0, w: 0}
  m_Materials:
  - {fileID: 2100000, guid: 055cd904bcdae405f9f1ebe7c7adbd9d, type: 2}
  m_SubsetIndices: 
  m_StaticBatchRoot: {fileID: 0}
  m_UseLightProbes: 0
  m_LightProbeAnchor: {fileID: 0}
  m_ScaleInLightmap: 1
--- !u!33 &405547969
MeshFilter:
  m_ObjectHideFlags: 0
  m_PrefabParentObject: {fileID: 3300000, guid: 9dc677fbc7e2844f1b725d0aa5e2e3f0,
    type: 2}
  m_PrefabInternal: {fileID: 1615520134}
  m_GameObject: {fileID: 405547966}
  m_Mesh: {fileID: 10207, guid: 0000000000000000e000000000000000, type: 0}
--- !u!1 &442032656
GameObject:
  m_ObjectHideFlags: 0
  m_PrefabParentObject: {fileID: 100002, guid: 9dc677fbc7e2844f1b725d0aa5e2e3f0, type: 2}
  m_PrefabInternal: {fileID: 1615520134}
  serializedVersion: 3
  m_Component:
  - 4: {fileID: 442032657}
  - 102: {fileID: 442032659}
  - 23: {fileID: 442032658}
  m_Layer: 30
  m_Name: Log
  m_TagString: Untagged
  m_Icon: {fileID: 0}
  m_NavMeshLayer: 0
  m_StaticEditorFlags: 0
  m_IsActive: 1
--- !u!4 &442032657
Transform:
  m_ObjectHideFlags: 0
  m_PrefabParentObject: {fileID: 400002, guid: 9dc677fbc7e2844f1b725d0aa5e2e3f0, type: 2}
  m_PrefabInternal: {fileID: 1615520134}
  m_GameObject: {fileID: 442032656}
  m_LocalRotation: {x: 0, y: 0, z: 0, w: 1}
  m_LocalPosition: {x: 0, y: .699999988, z: 0}
  m_LocalScale: {x: 1, y: 1, z: 1}
  m_LocalEulerAnglesHint: {x: 0, y: 0, z: 0}
  m_Children: []
  m_Father: {fileID: 893158253}
--- !u!23 &442032658
Renderer:
  m_ObjectHideFlags: 0
  m_PrefabParentObject: {fileID: 2300002, guid: 9dc677fbc7e2844f1b725d0aa5e2e3f0,
    type: 2}
  m_PrefabInternal: {fileID: 1615520134}
  m_GameObject: {fileID: 442032656}
  m_Enabled: 1
  m_CastShadows: 1
  m_ReceiveShadows: 1
  m_LightmapIndex: 255
  m_LightmapTilingOffset: {x: 1, y: 1, z: 0, w: 0}
  m_Materials:
  - {fileID: 2100000, guid: 908aa5f99e04a4793812189f237e66fa, type: 1}
  m_SubsetIndices: 
  m_StaticBatchRoot: {fileID: 0}
  m_UseLightProbes: 0
  m_LightProbeAnchor: {fileID: 0}
  m_ScaleInLightmap: 1
--- !u!102 &442032659
TextMesh:
  serializedVersion: 3
  m_ObjectHideFlags: 0
  m_PrefabParentObject: {fileID: 10200002, guid: 9dc677fbc7e2844f1b725d0aa5e2e3f0,
    type: 2}
  m_PrefabInternal: {fileID: 1615520134}
  m_GameObject: {fileID: 442032656}
  m_Text: 
  m_OffsetZ: 0
  m_CharacterSize: .200000003
  m_LineSpacing: 1
  m_Anchor: 3
  m_Alignment: 0
  m_TabSize: 4
  m_FontSize: 0
  m_FontStyle: 0
  m_Font: {fileID: 12800000, guid: 908aa5f99e04a4793812189f237e66fa, type: 1}
--- !u!1 &477805855
GameObject:
  m_ObjectHideFlags: 0
  m_PrefabParentObject: {fileID: 100006, guid: 2375d40d33e6c408a98c3f405bd480c7, type: 2}
  m_PrefabInternal: {fileID: 809351629}
  serializedVersion: 3
  m_Component:
  - 4: {fileID: 477805856}
  m_Layer: 30
  m_Name: Statuses
  m_TagString: Untagged
  m_Icon: {fileID: 0}
  m_NavMeshLayer: 0
  m_StaticEditorFlags: 0
  m_IsActive: 1
--- !u!4 &477805856
Transform:
  m_ObjectHideFlags: 0
  m_PrefabParentObject: {fileID: 400006, guid: 2375d40d33e6c408a98c3f405bd480c7, type: 2}
  m_PrefabInternal: {fileID: 809351629}
  m_GameObject: {fileID: 477805855}
  m_LocalRotation: {x: 0, y: 0, z: 0, w: 1}
  m_LocalPosition: {x: -6, y: 4.5, z: 0}
  m_LocalScale: {x: 1, y: 1, z: 1}
  m_LocalEulerAnglesHint: {x: 0, y: 0, z: 0}
  m_Children: []
  m_Father: {fileID: 1978688141}
--- !u!1 &518766179
GameObject:
  m_ObjectHideFlags: 0
  m_PrefabParentObject: {fileID: 100010, guid: 9dc677fbc7e2844f1b725d0aa5e2e3f0, type: 2}
  m_PrefabInternal: {fileID: 1615520134}
  serializedVersion: 3
  m_Component:
  - 4: {fileID: 518766180}
  - 102: {fileID: 518766182}
  - 23: {fileID: 518766181}
  m_Layer: 11
  m_Name: Label
  m_TagString: Untagged
  m_Icon: {fileID: 0}
  m_NavMeshLayer: 0
  m_StaticEditorFlags: 0
  m_IsActive: 1
--- !u!4 &518766180
Transform:
  m_ObjectHideFlags: 0
  m_PrefabParentObject: {fileID: 400010, guid: 9dc677fbc7e2844f1b725d0aa5e2e3f0, type: 2}
  m_PrefabInternal: {fileID: 1615520134}
  m_GameObject: {fileID: 518766179}
  m_LocalRotation: {x: 0, y: 0, z: 0, w: 1}
  m_LocalPosition: {x: 0, y: 0, z: 0}
  m_LocalScale: {x: 1, y: 1, z: 1}
  m_LocalEulerAnglesHint: {x: 0, y: 0, z: 0}
  m_Children: []
  m_Father: {fileID: 696362172}
--- !u!23 &518766181
Renderer:
  m_ObjectHideFlags: 0
  m_PrefabParentObject: {fileID: 2300008, guid: 9dc677fbc7e2844f1b725d0aa5e2e3f0,
    type: 2}
  m_PrefabInternal: {fileID: 1615520134}
  m_GameObject: {fileID: 518766179}
  m_Enabled: 1
  m_CastShadows: 1
  m_ReceiveShadows: 1
  m_LightmapIndex: 255
  m_LightmapTilingOffset: {x: 1, y: 1, z: 0, w: 0}
  m_Materials:
  - {fileID: 2100000, guid: be74e940552a445239bc14063ad752c0, type: 2}
  m_SubsetIndices: 
  m_StaticBatchRoot: {fileID: 0}
  m_UseLightProbes: 0
  m_LightProbeAnchor: {fileID: 0}
  m_ScaleInLightmap: 1
--- !u!102 &518766182
TextMesh:
  serializedVersion: 3
  m_ObjectHideFlags: 0
  m_PrefabParentObject: {fileID: 10200006, guid: 9dc677fbc7e2844f1b725d0aa5e2e3f0,
    type: 2}
  m_PrefabInternal: {fileID: 1615520134}
  m_GameObject: {fileID: 518766179}
  m_Text: label
  m_OffsetZ: 0
  m_CharacterSize: .200000003
  m_LineSpacing: 1
  m_Anchor: 4
  m_Alignment: 1
  m_TabSize: 4
  m_FontSize: 0
  m_FontStyle: 0
  m_Font: {fileID: 12800000, guid: 908aa5f99e04a4793812189f237e66fa, type: 1}
--- !u!1 &587078139
GameObject:
  m_ObjectHideFlags: 0
  m_PrefabParentObject: {fileID: 100010, guid: 2375d40d33e6c408a98c3f405bd480c7, type: 2}
  m_PrefabInternal: {fileID: 809351629}
  serializedVersion: 3
  m_Component:
  - 4: {fileID: 587078140}
  m_Layer: 31
  m_Name: Bars
  m_TagString: Untagged
  m_Icon: {fileID: 0}
  m_NavMeshLayer: 0
  m_StaticEditorFlags: 0
  m_IsActive: 1
--- !u!4 &587078140
Transform:
  m_ObjectHideFlags: 0
  m_PrefabParentObject: {fileID: 400010, guid: 2375d40d33e6c408a98c3f405bd480c7, type: 2}
  m_PrefabInternal: {fileID: 809351629}
  m_GameObject: {fileID: 587078139}
  m_LocalRotation: {x: 0, y: 0, z: 0, w: 1}
  m_LocalPosition: {x: 8, y: 4.5, z: 0}
  m_LocalScale: {x: 1, y: 1, z: 1}
  m_LocalEulerAnglesHint: {x: 0, y: 0, z: 0}
  m_Children: []
  m_Father: {fileID: 1978688141}
--- !u!1 &696362171
GameObject:
  m_ObjectHideFlags: 0
  m_PrefabParentObject: {fileID: 100000, guid: 9dc677fbc7e2844f1b725d0aa5e2e3f0, type: 2}
  m_PrefabInternal: {fileID: 1615520134}
  serializedVersion: 3
  m_Component:
  - 4: {fileID: 696362172}
  - 20: {fileID: 696362173}
  - 114: {fileID: 893158256}
  - 114: {fileID: 696362178}
  - 114: {fileID: 696362177}
  - 114: {fileID: 696362176}
  - 54: {fileID: 696362174}
  - 135: {fileID: 696362175}
  m_Layer: 11
  m_Name: Console
  m_TagString: Untagged
  m_Icon: {fileID: 0}
  m_NavMeshLayer: 0
  m_StaticEditorFlags: 0
  m_IsActive: 1
--- !u!4 &696362172
Transform:
  m_ObjectHideFlags: 0
  m_PrefabParentObject: {fileID: 400000, guid: 9dc677fbc7e2844f1b725d0aa5e2e3f0, type: 2}
  m_PrefabInternal: {fileID: 1615520134}
  m_GameObject: {fileID: 696362171}
  m_LocalRotation: {x: 0, y: 0, z: 0, w: 1}
  m_LocalPosition: {x: 0, y: 0, z: 0}
  m_LocalScale: {x: 1, y: 1, z: 1}
  m_LocalEulerAnglesHint: {x: 0, y: 0, z: 0}
  m_Children:
  - {fileID: 893158253}
  - {fileID: 518766180}
  - {fileID: 405547967}
  m_Father: {fileID: 0}
--- !u!20 &696362173
Camera:
  m_ObjectHideFlags: 0
  m_PrefabParentObject: {fileID: 2000000, guid: 9dc677fbc7e2844f1b725d0aa5e2e3f0,
    type: 2}
  m_PrefabInternal: {fileID: 1615520134}
  m_GameObject: {fileID: 696362171}
  m_Enabled: 1
  serializedVersion: 2
  m_ClearFlags: 3
  m_BackGroundColor: {r: .192157, g: .301961005, b: .474510014, a: .0196080003}
  m_NormalizedViewPortRect:
    serializedVersion: 2
    x: 0
    y: 0
    width: 1
    height: 1
  near clip plane: 0
  far clip plane: 10
  field of view: 60
  orthographic: 1
  orthographic size: 6
  m_Depth: 20
  m_CullingMask:
    serializedVersion: 2
    m_Bits: 1073741824
  m_RenderingPath: -1
  m_TargetTexture: {fileID: 0}
  m_HDR: 0
--- !u!54 &696362174
Rigidbody:
  m_ObjectHideFlags: 0
  m_PrefabParentObject: {fileID: 5400000, guid: 9dc677fbc7e2844f1b725d0aa5e2e3f0,
    type: 2}
  m_PrefabInternal: {fileID: 1615520134}
  m_GameObject: {fileID: 696362171}
  serializedVersion: 2
  m_Mass: 1
  m_Drag: 0
  m_AngularDrag: .0500000007
  m_UseGravity: 0
  m_IsKinematic: 0
  m_Interpolate: 0
  m_Constraints: 0
  m_CollisionDetection: 0
--- !u!135 &696362175
SphereCollider:
  m_ObjectHideFlags: 0
  m_PrefabParentObject: {fileID: 13500000, guid: 9dc677fbc7e2844f1b725d0aa5e2e3f0,
    type: 2}
  m_PrefabInternal: {fileID: 1615520134}
  m_GameObject: {fileID: 696362171}
  m_Material: {fileID: 0}
  m_IsTrigger: 0
  m_Enabled: 1
  serializedVersion: 2
  m_Radius: .5
  m_Center: {x: 0, y: 0, z: 0}
--- !u!114 &696362176
MonoBehaviour:
  m_ObjectHideFlags: 0
  m_PrefabParentObject: {fileID: 11400008, guid: 9dc677fbc7e2844f1b725d0aa5e2e3f0,
    type: 2}
  m_PrefabInternal: {fileID: 1615520134}
  m_GameObject: {fileID: 696362171}
  m_Enabled: 1
  m_EditorHideFlags: 0
  m_Script: {fileID: 11500000, guid: 33513846adca046a2ae786bb1def53a2, type: 1}
  m_Name: 
  nodeView: {fileID: 696362177}
  originPosition: {x: 0, y: 0, z: 0}
  originRotation: {x: 0, y: 0, z: 0, w: 0}
  positionPID:
    setpoint: {x: 0, y: 0, z: 0}
    kp: 500
    ki: 0
    kd: 20
--- !u!114 &696362177
MonoBehaviour:
  m_ObjectHideFlags: 0
  m_PrefabParentObject: {fileID: 11400006, guid: 9dc677fbc7e2844f1b725d0aa5e2e3f0,
    type: 2}
  m_PrefabInternal: {fileID: 1615520134}
  m_GameObject: {fileID: 696362171}
  m_Enabled: 1
  m_EditorHideFlags: 0
  m_Script: {fileID: 11500000, guid: 49f4fd74714e746e095e151b3502aed5, type: 1}
  m_Name: 
  channel: 
  labelMesh: {fileID: 518766182}
  transform: {fileID: 696362172}
  radius: 1
  neighbors: []
  masterNode: 1
--- !u!114 &696362178
MonoBehaviour:
  m_ObjectHideFlags: 0
  m_PrefabParentObject: {fileID: 11400004, guid: 9dc677fbc7e2844f1b725d0aa5e2e3f0,
    type: 2}
  m_PrefabInternal: {fileID: 1615520134}
  m_GameObject: {fileID: 696362171}
  m_Enabled: 1
  m_EditorHideFlags: 0
  m_Script: {fileID: 11500000, guid: 3febba67b0d414e7caa18e4449047e70, type: 1}
  m_Name: 
  nodeView: {fileID: 696362177}
  highlight: {fileID: 2100000, guid: 9818974818dc44fef91a3830df6399d1, type: 2}
  renderers: []
--- !u!1001 &809351629
Prefab:
  m_ObjectHideFlags: 0
  serializedVersion: 2
  m_Modification:
    m_TransformParent: {fileID: 0}
    m_Modifications:
    - target: {fileID: 400002, guid: 2375d40d33e6c408a98c3f405bd480c7, type: 2}
      propertyPath: m_LocalPosition.x
      value: 0
      objectReference: {fileID: 0}
    - target: {fileID: 400002, guid: 2375d40d33e6c408a98c3f405bd480c7, type: 2}
      propertyPath: m_LocalPosition.y
      value: 0
      objectReference: {fileID: 0}
    - target: {fileID: 400002, guid: 2375d40d33e6c408a98c3f405bd480c7, type: 2}
      propertyPath: m_LocalPosition.z
      value: 0
      objectReference: {fileID: 0}
    - target: {fileID: 400002, guid: 2375d40d33e6c408a98c3f405bd480c7, type: 2}
      propertyPath: m_LocalRotation.x
      value: 0
      objectReference: {fileID: 0}
    - target: {fileID: 400002, guid: 2375d40d33e6c408a98c3f405bd480c7, type: 2}
      propertyPath: m_LocalRotation.y
      value: 0
      objectReference: {fileID: 0}
    - target: {fileID: 400002, guid: 2375d40d33e6c408a98c3f405bd480c7, type: 2}
      propertyPath: m_LocalRotation.z
      value: 0
      objectReference: {fileID: 0}
    - target: {fileID: 400002, guid: 2375d40d33e6c408a98c3f405bd480c7, type: 2}
      propertyPath: m_LocalRotation.w
      value: 1
      objectReference: {fileID: 0}
    m_RemovedComponents: []
  m_ParentPrefab: {fileID: 100100000, guid: 2375d40d33e6c408a98c3f405bd480c7, type: 2}
  m_RootGameObject: {fileID: 1090696459}
  m_IsPrefabParent: 0
  m_IsExploded: 1
--- !u!1 &893158252
GameObject:
  m_ObjectHideFlags: 0
  m_PrefabParentObject: {fileID: 100004, guid: 9dc677fbc7e2844f1b725d0aa5e2e3f0, type: 2}
  m_PrefabInternal: {fileID: 1615520134}
  serializedVersion: 3
  m_Component:
  - 4: {fileID: 893158253}
  - 102: {fileID: 893158255}
  - 23: {fileID: 893158254}
  m_Layer: 30
  m_Name: Containers
  m_TagString: Untagged
  m_Icon: {fileID: 0}
  m_NavMeshLayer: 0
  m_StaticEditorFlags: 0
  m_IsActive: 1
--- !u!4 &893158253
Transform:
  m_ObjectHideFlags: 0
  m_PrefabParentObject: {fileID: 400004, guid: 9dc677fbc7e2844f1b725d0aa5e2e3f0, type: 2}
  m_PrefabInternal: {fileID: 1615520134}
  m_GameObject: {fileID: 893158252}
  m_LocalRotation: {x: 0, y: 0, z: 0, w: 1}
  m_LocalPosition: {x: -10.2718086, y: -5.4384613, z: 1.04276657}
  m_LocalScale: {x: 1, y: 1, z: 1}
  m_LocalEulerAnglesHint: {x: 0, y: 0, z: 0}
  m_Children:
  - {fileID: 442032657}
  - {fileID: 1999549535}
  m_Father: {fileID: 696362172}
--- !u!23 &893158254
Renderer:
  m_ObjectHideFlags: 0
  m_PrefabParentObject: {fileID: 2300000, guid: 9dc677fbc7e2844f1b725d0aa5e2e3f0,
    type: 2}
  m_PrefabInternal: {fileID: 1615520134}
  m_GameObject: {fileID: 893158252}
  m_Enabled: 1
  m_CastShadows: 1
  m_ReceiveShadows: 1
  m_LightmapIndex: 255
  m_LightmapTilingOffset: {x: 1, y: 1, z: 0, w: 0}
  m_Materials:
  - {fileID: 2100000, guid: 908aa5f99e04a4793812189f237e66fa, type: 1}
  m_SubsetIndices: 
  m_StaticBatchRoot: {fileID: 0}
  m_UseLightProbes: 0
  m_LightProbeAnchor: {fileID: 0}
  m_ScaleInLightmap: 1
--- !u!102 &893158255
TextMesh:
  serializedVersion: 3
  m_ObjectHideFlags: 0
  m_PrefabParentObject: {fileID: 10200000, guid: 9dc677fbc7e2844f1b725d0aa5e2e3f0,
    type: 2}
  m_PrefabInternal: {fileID: 1615520134}
  m_GameObject: {fileID: 893158252}
  m_Text: ' >'
  m_OffsetZ: 0
  m_CharacterSize: .200000003
  m_LineSpacing: 1
  m_Anchor: 3
  m_Alignment: 0
  m_TabSize: 4
  m_FontSize: 0
  m_FontStyle: 0
  m_Font: {fileID: 12800000, guid: 908aa5f99e04a4793812189f237e66fa, type: 1}
--- !u!114 &893158256
MonoBehaviour:
  m_ObjectHideFlags: 0
  m_PrefabParentObject: {fileID: 11400000, guid: 9dc677fbc7e2844f1b725d0aa5e2e3f0,
    type: 2}
  m_PrefabInternal: {fileID: 1615520134}
  m_GameObject: {fileID: 696362171}
  m_Enabled: 1
  m_EditorHideFlags: 0
  m_Script: {fileID: 11500000, guid: f856fc32cba6348f4b2c730c7205af75, type: 1}
  m_Name: 
--- !u!1 &1025960246
GameObject:
  m_ObjectHideFlags: 0
  m_PrefabParentObject: {fileID: 100004, guid: 2375d40d33e6c408a98c3f405bd480c7, type: 2}
  m_PrefabInternal: {fileID: 809351629}
  serializedVersion: 3
  m_Component:
  - 4: {fileID: 1025960247}
  - 102: {fileID: 1025960249}
  - 23: {fileID: 1025960248}
  - 114: {fileID: 1025960250}
  m_Layer: 30
  m_Name: FPS
  m_TagString: Untagged
  m_Icon: {fileID: 0}
  m_NavMeshLayer: 0
  m_StaticEditorFlags: 0
  m_IsActive: 1
--- !u!4 &1025960247
Transform:
  m_ObjectHideFlags: 0
  m_PrefabParentObject: {fileID: 400004, guid: 2375d40d33e6c408a98c3f405bd480c7, type: 2}
  m_PrefabInternal: {fileID: 809351629}
  m_GameObject: {fileID: 1025960246}
  m_LocalRotation: {x: 0, y: 0, z: 0, w: 1}
  m_LocalPosition: {x: 8.16891766, y: 5.28081656, z: -10}
  m_LocalScale: {x: 1, y: 1, z: 1}
  m_LocalEulerAnglesHint: {x: 0, y: 0, z: 0}
  m_Children: []
  m_Father: {fileID: 1978688141}
--- !u!23 &1025960248
Renderer:
  m_ObjectHideFlags: 0
  m_PrefabParentObject: {fileID: 2300000, guid: 2375d40d33e6c408a98c3f405bd480c7,
    type: 2}
  m_PrefabInternal: {fileID: 809351629}
  m_GameObject: {fileID: 1025960246}
  m_Enabled: 1
  m_CastShadows: 1
  m_ReceiveShadows: 1
  m_LightmapIndex: 255
  m_LightmapTilingOffset: {x: 1, y: 1, z: 0, w: 0}
  m_Materials:
  - {fileID: 2100000, guid: 908aa5f99e04a4793812189f237e66fa, type: 1}
  m_SubsetIndices: 
  m_StaticBatchRoot: {fileID: 0}
  m_UseLightProbes: 0
  m_LightProbeAnchor: {fileID: 0}
  m_ScaleInLightmap: 1
--- !u!102 &1025960249
TextMesh:
  serializedVersion: 3
  m_ObjectHideFlags: 0
  m_PrefabParentObject: {fileID: 10200000, guid: 2375d40d33e6c408a98c3f405bd480c7,
    type: 2}
  m_PrefabInternal: {fileID: 809351629}
  m_GameObject: {fileID: 1025960246}
  m_Text: fps
  m_OffsetZ: 0
  m_CharacterSize: .200000003
  m_LineSpacing: 1
  m_Anchor: 3
  m_Alignment: 0
  m_TabSize: 4
  m_FontSize: 0
  m_FontStyle: 0
  m_Font: {fileID: 12800000, guid: 908aa5f99e04a4793812189f237e66fa, type: 1}
--- !u!114 &1025960250
MonoBehaviour:
  m_ObjectHideFlags: 0
  m_PrefabParentObject: {fileID: 11400002, guid: 2375d40d33e6c408a98c3f405bd480c7,
    type: 2}
  m_PrefabInternal: {fileID: 809351629}
  m_GameObject: {fileID: 1025960246}
  m_Enabled: 1
  m_EditorHideFlags: 0
  m_Script: {fileID: 11500000, guid: 58120422174a441cab6d022ebb4f8161, type: 1}
  m_Name: 
  textMesh: {fileID: 1025960249}
--- !u!1 &1090696459
GameObject:
  m_ObjectHideFlags: 0
  m_PrefabParentObject: {fileID: 100002, guid: 2375d40d33e6c408a98c3f405bd480c7, type: 2}
  m_PrefabInternal: {fileID: 809351629}
  serializedVersion: 3
  m_Component:
  - 4: {fileID: 1090696460}
  - 20: {fileID: 1090696461}
  - 114: {fileID: 1090696463}
  - 114: {fileID: 1090696462}
  m_Layer: 31
  m_Name: LiveBug
  m_TagString: Untagged
  m_Icon: {fileID: 0}
  m_NavMeshLayer: 0
  m_StaticEditorFlags: 0
  m_IsActive: 1
--- !u!4 &1090696460
Transform:
  m_ObjectHideFlags: 0
  m_PrefabParentObject: {fileID: 400002, guid: 2375d40d33e6c408a98c3f405bd480c7, type: 2}
  m_PrefabInternal: {fileID: 809351629}
  m_GameObject: {fileID: 1090696459}
  m_LocalRotation: {x: 0, y: 0, z: 0, w: 1}
  m_LocalPosition: {x: 0, y: 0, z: 0}
  m_LocalScale: {x: 1, y: 1, z: 1}
  m_LocalEulerAnglesHint: {x: 0, y: 0, z: 0}
  m_Children:
  - {fileID: 1978688141}
  m_Father: {fileID: 0}
--- !u!20 &1090696461
Camera:
  m_ObjectHideFlags: 0
  m_PrefabParentObject: {fileID: 2000000, guid: 2375d40d33e6c408a98c3f405bd480c7,
    type: 2}
  m_PrefabInternal: {fileID: 809351629}
  m_GameObject: {fileID: 1090696459}
  m_Enabled: 1
  serializedVersion: 2
  m_ClearFlags: 3
  m_BackGroundColor: {r: .192157, g: .301961005, b: .474510014, a: .0196080003}
  m_NormalizedViewPortRect:
    serializedVersion: 2
    x: 0
    y: 0
    width: 1
    height: 1
  near clip plane: .100000001
  far clip plane: 1000
  field of view: 60
  orthographic: 0
  orthographic size: 8
  m_Depth: 10
  m_CullingMask:
    serializedVersion: 2
    m_Bits: 2147483648
  m_RenderingPath: -1
  m_TargetTexture: {fileID: 0}
  m_HDR: 0
--- !u!114 &1090696462
MonoBehaviour:
  m_ObjectHideFlags: 0
  m_PrefabParentObject: {fileID: 11400000, guid: 2375d40d33e6c408a98c3f405bd480c7,
    type: 2}
  m_PrefabInternal: {fileID: 809351629}
  m_GameObject: {fileID: 1090696459}
  m_Enabled: 1
  m_EditorHideFlags: 0
  m_Script: {fileID: 11500000, guid: e4e7fbb9a3c554b7bb3b852f3f43922b, type: 1}
  m_Name: 
  channels: []
  showDebug: 1
  container: {fileID: 1978688140}
  statusesContainer: {fileID: 477805856}
  barsContainer: {fileID: 587078140}
--- !u!114 &1090696463
MonoBehaviour:
  m_ObjectHideFlags: 0
  m_PrefabParentObject: {fileID: 11400006, guid: 2375d40d33e6c408a98c3f405bd480c7,
    type: 2}
  m_PrefabInternal: {fileID: 809351629}
  m_GameObject: {fileID: 1090696459}
  m_Enabled: 1
  m_EditorHideFlags: 0
  m_Script: {fileID: 11500000, guid: 169de539649964aa4a06b7be28cd0308, type: 1}
  m_Name: 
  mask:
    serializedVersion: 2
    m_Bits: 2147483648
  canMoveEnter: 0
--- !u!1 &1136173656
GameObject:
  m_ObjectHideFlags: 0
  m_PrefabParentObject: {fileID: 0}
  m_PrefabInternal: {fileID: 0}
  serializedVersion: 3
  m_Component:
  - 4: {fileID: 1136173657}
  - 20: {fileID: 1136173658}
  - 81: {fileID: 1136173659}
  m_Layer: 0
  m_Name: Main Camera
  m_TagString: MainCamera
  m_Icon: {fileID: 0}
  m_NavMeshLayer: 0
  m_StaticEditorFlags: 0
  m_IsActive: 1
--- !u!4 &1136173657
Transform:
  m_ObjectHideFlags: 0
  m_PrefabParentObject: {fileID: 0}
  m_PrefabInternal: {fileID: 0}
  m_GameObject: {fileID: 1136173656}
  m_LocalRotation: {x: 0, y: 0, z: 0, w: 1}
  m_LocalPosition: {x: 0, y: 0, z: 0}
  m_LocalScale: {x: 1, y: 1, z: 1}
  m_LocalEulerAnglesHint: {x: 0, y: 0, z: 0}
  m_Children: []
  m_Father: {fileID: 0}
--- !u!20 &1136173658
Camera:
  m_ObjectHideFlags: 0
  m_PrefabParentObject: {fileID: 0}
  m_PrefabInternal: {fileID: 0}
  m_GameObject: {fileID: 1136173656}
  m_Enabled: 1
  serializedVersion: 2
  m_ClearFlags: 2
  m_BackGroundColor: {r: .0980390012, g: .0980390012, b: .0980390012, a: 1}
  m_NormalizedViewPortRect:
    serializedVersion: 2
    x: 0
    y: 0
    width: 1
    height: 1
  near clip plane: .300000012
  far clip plane: 1000
  field of view: 49
  orthographic: 0
  orthographic size: 100
  m_Depth: -1
  m_CullingMask:
    serializedVersion: 2
    m_Bits: 2147483647
  m_RenderingPath: -1
  m_TargetTexture: {fileID: 0}
  m_HDR: 0
--- !u!81 &1136173659
AudioListener:
  m_ObjectHideFlags: 0
  m_PrefabParentObject: {fileID: 0}
  m_PrefabInternal: {fileID: 0}
  m_GameObject: {fileID: 1136173656}
  m_Enabled: 1
--- !u!1001 &1615520134
Prefab:
  m_ObjectHideFlags: 0
  serializedVersion: 2
  m_Modification:
    m_TransformParent: {fileID: 0}
    m_Modifications:
    - target: {fileID: 400000, guid: 9dc677fbc7e2844f1b725d0aa5e2e3f0, type: 2}
      propertyPath: m_LocalPosition.x
      value: 0
      objectReference: {fileID: 0}
    - target: {fileID: 400000, guid: 9dc677fbc7e2844f1b725d0aa5e2e3f0, type: 2}
      propertyPath: m_LocalPosition.y
      value: 0
      objectReference: {fileID: 0}
    - target: {fileID: 400000, guid: 9dc677fbc7e2844f1b725d0aa5e2e3f0, type: 2}
      propertyPath: m_LocalPosition.z
      value: 0
      objectReference: {fileID: 0}
    - target: {fileID: 400000, guid: 9dc677fbc7e2844f1b725d0aa5e2e3f0, type: 2}
      propertyPath: m_LocalRotation.x
      value: 0
      objectReference: {fileID: 0}
    - target: {fileID: 400000, guid: 9dc677fbc7e2844f1b725d0aa5e2e3f0, type: 2}
      propertyPath: m_LocalRotation.y
      value: 0
      objectReference: {fileID: 0}
    - target: {fileID: 400000, guid: 9dc677fbc7e2844f1b725d0aa5e2e3f0, type: 2}
      propertyPath: m_LocalRotation.z
      value: 0
      objectReference: {fileID: 0}
    - target: {fileID: 400000, guid: 9dc677fbc7e2844f1b725d0aa5e2e3f0, type: 2}
      propertyPath: m_LocalRotation.w
      value: 1
      objectReference: {fileID: 0}
    m_RemovedComponents: []
  m_ParentPrefab: {fileID: 100100000, guid: 9dc677fbc7e2844f1b725d0aa5e2e3f0, type: 2}
  m_RootGameObject: {fileID: 696362171}
  m_IsPrefabParent: 0
  m_IsExploded: 1
--- !u!1 &1978688140
GameObject:
  m_ObjectHideFlags: 0
  m_PrefabParentObject: {fileID: 100000, guid: 2375d40d33e6c408a98c3f405bd480c7, type: 2}
  m_PrefabInternal: {fileID: 809351629}
  serializedVersion: 3
  m_Component:
  - 4: {fileID: 1978688141}
  m_Layer: 31
  m_Name: Containers
  m_TagString: Untagged
  m_Icon: {fileID: 0}
  m_NavMeshLayer: 0
  m_StaticEditorFlags: 0
  m_IsActive: 1
--- !u!4 &1978688141
Transform:
  m_ObjectHideFlags: 0
  m_PrefabParentObject: {fileID: 400000, guid: 2375d40d33e6c408a98c3f405bd480c7, type: 2}
  m_PrefabInternal: {fileID: 809351629}
  m_GameObject: {fileID: 1978688140}
  m_LocalRotation: {x: 0, y: 0, z: 0, w: 1}
  m_LocalPosition: {x: 0, y: 0, z: 10}
  m_LocalScale: {x: 1, y: 1, z: 1}
  m_LocalEulerAnglesHint: {x: 0, y: 0, z: 0}
  m_Children:
  - {fileID: 587078140}
  - {fileID: 1025960247}
  - {fileID: 258920747}
  - {fileID: 477805856}
  m_Father: {fileID: 1090696460}
--- !u!1 &1999549534
GameObject:
  m_ObjectHideFlags: 0
  m_PrefabParentObject: {fileID: 100006, guid: 9dc677fbc7e2844f1b725d0aa5e2e3f0, type: 2}
  m_PrefabInternal: {fileID: 1615520134}
  serializedVersion: 3
  m_Component:
  - 4: {fileID: 1999549535}
  - 102: {fileID: 1999549537}
  - 23: {fileID: 1999549536}
  m_Layer: 30
  m_Name: AutoComplete
  m_TagString: Untagged
  m_Icon: {fileID: 0}
  m_NavMeshLayer: 0
  m_StaticEditorFlags: 0
  m_IsActive: 1
--- !u!4 &1999549535
Transform:
  m_ObjectHideFlags: 0
  m_PrefabParentObject: {fileID: 400006, guid: 9dc677fbc7e2844f1b725d0aa5e2e3f0, type: 2}
  m_PrefabInternal: {fileID: 1615520134}
  m_GameObject: {fileID: 1999549534}
  m_LocalRotation: {x: 0, y: 0, z: 0, w: 1}
  m_LocalPosition: {x: 0, y: 0, z: .100000001}
  m_LocalScale: {x: 1, y: 1, z: 1}
  m_LocalEulerAnglesHint: {x: 0, y: 0, z: 0}
  m_Children: []
  m_Father: {fileID: 893158253}
--- !u!23 &1999549536
Renderer:
  m_ObjectHideFlags: 0
  m_PrefabParentObject: {fileID: 2300004, guid: 9dc677fbc7e2844f1b725d0aa5e2e3f0,
    type: 2}
  m_PrefabInternal: {fileID: 1615520134}
  m_GameObject: {fileID: 1999549534}
  m_Enabled: 1
  m_CastShadows: 1
  m_ReceiveShadows: 1
  m_LightmapIndex: 255
  m_LightmapTilingOffset: {x: 1, y: 1, z: 0, w: 0}
  m_Materials:
  - {fileID: 2100000, guid: 3c2ae17e9c57548dea9d5f18d8d1e03f, type: 2}
  m_SubsetIndices: 
  m_StaticBatchRoot: {fileID: 0}
  m_UseLightProbes: 0
  m_LightProbeAnchor: {fileID: 0}
  m_ScaleInLightmap: 1
--- !u!102 &1999549537
TextMesh:
  serializedVersion: 3
  m_ObjectHideFlags: 0
  m_PrefabParentObject: {fileID: 10200004, guid: 9dc677fbc7e2844f1b725d0aa5e2e3f0,
    type: 2}
  m_PrefabInternal: {fileID: 1615520134}
  m_GameObject: {fileID: 1999549534}
  m_Text: 
  m_OffsetZ: 0
  m_CharacterSize: .200000003
  m_LineSpacing: 1
  m_Anchor: 3
  m_Alignment: 0
  m_TabSize: 4
  m_FontSize: 0
  m_FontStyle: 0
  m_Font: {fileID: 12800000, guid: 908aa5f99e04a4793812189f237e66fa, type: 1}
