%YAML 1.1
%TAG !u! tag:unity3d.com,2011:
--- !u!29 &1
SceneSettings:
  m_ObjectHideFlags: 0
  m_PVSData: 
  m_QueryMode: 1
  m_PVSObjectsArray: []
  m_PVSPortalsArray: []
  m_OcclusionBakeSettings:
    viewCellSize: 1
    bakeMode: 2
    memoryUsage: 10485760
--- !u!104 &2
RenderSettings:
  m_Fog: 0
  m_FogColor: {r: .5, g: .5, b: .5, a: 1}
  m_FogMode: 3
  m_FogDensity: .00999999978
  m_LinearFogStart: 0
  m_LinearFogEnd: 300
  m_AmbientLight: {r: .200000003, g: .200000003, b: .200000003, a: 1}
  m_SkyboxMaterial: {fileID: 0}
  m_HaloStrength: .5
  m_FlareStrength: 1
  m_HaloTexture: {fileID: 0}
  m_SpotCookie: {fileID: 0}
  m_ObjectHideFlags: 0
--- !u!127 &3
GameManager:
  m_ObjectHideFlags: 0
--- !u!157 &4
LightmapSettings:
  m_ObjectHideFlags: 0
  m_LightProbes: {fileID: 0}
  m_Lightmaps: []
  m_LightmapsMode: 1
  m_BakedColorSpace: 0
  m_UseDualLightmapsInForward: 0
  m_LightmapEditorSettings:
    m_Resolution: 50
    m_LastUsedResolution: 0
    m_TextureWidth: 1024
    m_TextureHeight: 1024
    m_BounceBoost: 1
    m_BounceIntensity: 1
    m_SkyLightColor: {r: .860000014, g: .930000007, b: 1, a: 1}
    m_SkyLightIntensity: 0
    m_Quality: 0
    m_Bounces: 1
    m_FinalGatherRays: 1000
    m_FinalGatherContrastThreshold: .0500000007
    m_FinalGatherGradientThreshold: 0
    m_FinalGatherInterpolationPoints: 15
    m_AOAmount: 0
    m_AOMaxDistance: .100000001
    m_AOContrast: 1
    m_LODSurfaceMappingDistance: 1
    m_Padding: 0
    m_TextureCompression: 0
    m_LockAtlas: 0
--- !u!196 &5
NavMeshSettings:
  m_ObjectHideFlags: 0
  m_BuildSettings:
    agentRadius: .5
    agentHeight: 2
    agentSlope: 45
    agentClimb: .400000006
    ledgeDropHeight: 0
    maxJumpAcrossDistance: 0
    accuratePlacement: 0
    minRegionArea: 2
    widthInaccuracy: 16.666666
    heightInaccuracy: 10
  m_NavMesh: {fileID: 0}
--- !u!1 &9592089
GameObject:
  m_ObjectHideFlags: 0
  m_PrefabParentObject: {fileID: 100028, guid: 8f285f7aa5cbb1e4486e48a5adf966ff, type: 2}
  m_PrefabInternal: {fileID: 189523991}
  serializedVersion: 4
  m_Component:
  - 4: {fileID: 9592090}
  - 33: {fileID: 9592094}
  - 65: {fileID: 9592093}
  - 23: {fileID: 9592092}
  - 114: {fileID: 9592091}
  m_Layer: 8
  m_Name: HookPoint
  m_TagString: Untagged
  m_Icon: {fileID: 0}
  m_NavMeshLayer: 0
  m_StaticEditorFlags: 4294967295
  m_IsActive: 1
--- !u!4 &9592090
Transform:
  m_ObjectHideFlags: 0
  m_PrefabParentObject: {fileID: 400028, guid: 8f285f7aa5cbb1e4486e48a5adf966ff, type: 2}
  m_PrefabInternal: {fileID: 189523991}
  m_GameObject: {fileID: 9592089}
  m_LocalRotation: {x: .612372458, y: .353553444, z: -.612372458, w: .353553385}
  m_LocalPosition: {x: 8.79852486, y: -5.08012772, z: 0}
  m_LocalScale: {x: 4, y: 4, z: 4}
  m_Children: []
  m_Father: {fileID: 443909794}
--- !u!114 &9592091
MonoBehaviour:
  m_ObjectHideFlags: 0
  m_PrefabParentObject: {fileID: 11400028, guid: 8f285f7aa5cbb1e4486e48a5adf966ff,
    type: 2}
  m_PrefabInternal: {fileID: 189523991}
  m_GameObject: {fileID: 9592089}
  m_Enabled: 1
  m_EditorHideFlags: 0
  m_Script: {fileID: 11500000, guid: 8e816133c430d1a4aaec14df7aaa53a3, type: 3}
  m_Name: 
  allowedElement: 6
  ghost: {fileID: 0}
  allowedHex: 7
  location: 3
--- !u!23 &9592092
Renderer:
  m_ObjectHideFlags: 0
  m_PrefabParentObject: {fileID: 2300028, guid: 8f285f7aa5cbb1e4486e48a5adf966ff,
    type: 2}
  m_PrefabInternal: {fileID: 189523991}
  m_GameObject: {fileID: 9592089}
  m_Enabled: 0
  m_CastShadows: 1
  m_ReceiveShadows: 1
  m_LightmapIndex: 255
  m_LightmapTilingOffset: {x: 1, y: 1, z: 0, w: 0}
  m_Materials:
  - {fileID: 10302, guid: 0000000000000000e000000000000000, type: 0}
  m_SubsetIndices: 
  m_StaticBatchRoot: {fileID: 0}
  m_UseLightProbes: 0
  m_LightProbeAnchor: {fileID: 0}
  m_ScaleInLightmap: 1
--- !u!65 &9592093
BoxCollider:
  m_ObjectHideFlags: 0
  m_PrefabParentObject: {fileID: 6500028, guid: 8f285f7aa5cbb1e4486e48a5adf966ff,
    type: 2}
  m_PrefabInternal: {fileID: 189523991}
  m_GameObject: {fileID: 9592089}
  m_Material: {fileID: 0}
  m_IsTrigger: 0
  m_Enabled: 0
  serializedVersion: 2
  m_Size: {x: 1, y: 1, z: 1}
  m_Center: {x: 0, y: 0, z: 0}
--- !u!33 &9592094
MeshFilter:
  m_ObjectHideFlags: 0
  m_PrefabParentObject: {fileID: 3300028, guid: 8f285f7aa5cbb1e4486e48a5adf966ff,
    type: 2}
  m_PrefabInternal: {fileID: 189523991}
  m_GameObject: {fileID: 9592089}
  m_Mesh: {fileID: 10202, guid: 0000000000000000e000000000000000, type: 0}
--- !u!1001 &189523991
Prefab:
  m_ObjectHideFlags: 0
  serializedVersion: 2
  m_Modification:
    m_TransformParent: {fileID: 0}
    m_Modifications:
    - target: {fileID: 400054, guid: 8f285f7aa5cbb1e4486e48a5adf966ff, type: 2}
      propertyPath: m_LocalPosition.x
      value: 0
      objectReference: {fileID: 0}
    - target: {fileID: 400054, guid: 8f285f7aa5cbb1e4486e48a5adf966ff, type: 2}
      propertyPath: m_LocalPosition.y
      value: 0
      objectReference: {fileID: 0}
    - target: {fileID: 400054, guid: 8f285f7aa5cbb1e4486e48a5adf966ff, type: 2}
      propertyPath: m_LocalPosition.z
      value: 10.9510336
      objectReference: {fileID: 0}
    - target: {fileID: 400054, guid: 8f285f7aa5cbb1e4486e48a5adf966ff, type: 2}
      propertyPath: m_LocalRotation.x
      value: 0
      objectReference: {fileID: 0}
    - target: {fileID: 400054, guid: 8f285f7aa5cbb1e4486e48a5adf966ff, type: 2}
      propertyPath: m_LocalRotation.y
      value: 0
      objectReference: {fileID: 0}
    - target: {fileID: 400054, guid: 8f285f7aa5cbb1e4486e48a5adf966ff, type: 2}
      propertyPath: m_LocalRotation.z
      value: 0
      objectReference: {fileID: 0}
    - target: {fileID: 400054, guid: 8f285f7aa5cbb1e4486e48a5adf966ff, type: 2}
      propertyPath: m_LocalRotation.w
      value: 1
      objectReference: {fileID: 0}
    m_RemovedComponents: []
  m_ParentPrefab: {fileID: 100100000, guid: 8f285f7aa5cbb1e4486e48a5adf966ff, type: 2}
  m_RootGameObject: {fileID: 388091261}
  m_IsPrefabParent: 0
  m_IsExploded: 1
--- !u!1 &223161845
GameObject:
  m_ObjectHideFlags: 0
  m_PrefabParentObject: {fileID: 100036, guid: 8f285f7aa5cbb1e4486e48a5adf966ff, type: 2}
  m_PrefabInternal: {fileID: 189523991}
  serializedVersion: 4
  m_Component:
  - 4: {fileID: 223161846}
  - 33: {fileID: 223161850}
  - 65: {fileID: 223161849}
  - 23: {fileID: 223161848}
  - 114: {fileID: 223161847}
  m_Layer: 8
  m_Name: HookPoint
  m_TagString: Untagged
  m_Icon: {fileID: 0}
  m_NavMeshLayer: 0
  m_StaticEditorFlags: 4294967295
  m_IsActive: 1
--- !u!4 &223161846
Transform:
  m_ObjectHideFlags: 0
  m_PrefabParentObject: {fileID: 400036, guid: 8f285f7aa5cbb1e4486e48a5adf966ff, type: 2}
  m_PrefabInternal: {fileID: 189523991}
  m_GameObject: {fileID: 223161845}
  m_LocalRotation: {x: 0, y: 0, z: -1, w: -4.37113883e-08}
  m_LocalPosition: {x: 0, y: -10.1602497, z: 4.12500095}
  m_LocalScale: {x: 4, y: 4, z: 4}
  m_Children: []
  m_Father: {fileID: 443909794}
--- !u!114 &223161847
MonoBehaviour:
  m_ObjectHideFlags: 0
  m_PrefabParentObject: {fileID: 11400036, guid: 8f285f7aa5cbb1e4486e48a5adf966ff,
    type: 2}
  m_PrefabInternal: {fileID: 189523991}
  m_GameObject: {fileID: 223161845}
  m_Enabled: 1
  m_EditorHideFlags: 0
  m_Script: {fileID: 11500000, guid: 8e816133c430d1a4aaec14df7aaa53a3, type: 3}
  m_Name: 
  allowedElement: 6
  ghost: {fileID: 0}
  allowedHex: 7
  location: 3
--- !u!23 &223161848
Renderer:
  m_ObjectHideFlags: 0
  m_PrefabParentObject: {fileID: 2300036, guid: 8f285f7aa5cbb1e4486e48a5adf966ff,
    type: 2}
  m_PrefabInternal: {fileID: 189523991}
  m_GameObject: {fileID: 223161845}
  m_Enabled: 0
  m_CastShadows: 1
  m_ReceiveShadows: 1
  m_LightmapIndex: 255
  m_LightmapTilingOffset: {x: 1, y: 1, z: 0, w: 0}
  m_Materials:
  - {fileID: 10302, guid: 0000000000000000e000000000000000, type: 0}
  m_SubsetIndices: 
  m_StaticBatchRoot: {fileID: 0}
  m_UseLightProbes: 0
  m_LightProbeAnchor: {fileID: 0}
  m_ScaleInLightmap: 1
--- !u!65 &223161849
BoxCollider:
  m_ObjectHideFlags: 0
  m_PrefabParentObject: {fileID: 6500036, guid: 8f285f7aa5cbb1e4486e48a5adf966ff,
    type: 2}
  m_PrefabInternal: {fileID: 189523991}
  m_GameObject: {fileID: 223161845}
  m_Material: {fileID: 0}
  m_IsTrigger: 0
  m_Enabled: 0
  serializedVersion: 2
  m_Size: {x: 1, y: 1, z: 1}
  m_Center: {x: 0, y: 0, z: 0}
--- !u!33 &223161850
MeshFilter:
  m_ObjectHideFlags: 0
  m_PrefabParentObject: {fileID: 3300036, guid: 8f285f7aa5cbb1e4486e48a5adf966ff,
    type: 2}
  m_PrefabInternal: {fileID: 189523991}
  m_GameObject: {fileID: 223161845}
  m_Mesh: {fileID: 10202, guid: 0000000000000000e000000000000000, type: 0}
--- !u!1 &324751666
GameObject:
  m_ObjectHideFlags: 0
  m_PrefabParentObject: {fileID: 100016, guid: 8f285f7aa5cbb1e4486e48a5adf966ff, type: 2}
  m_PrefabInternal: {fileID: 189523991}
  serializedVersion: 4
  m_Component:
  - 4: {fileID: 324751667}
  - 33: {fileID: 324751671}
  - 65: {fileID: 324751670}
  - 23: {fileID: 324751669}
  - 114: {fileID: 324751668}
  m_Layer: 8
  m_Name: HookPoint
  m_TagString: Untagged
  m_Icon: {fileID: 0}
  m_NavMeshLayer: 0
  m_StaticEditorFlags: 4294967295
  m_IsActive: 1
--- !u!4 &324751667
Transform:
  m_ObjectHideFlags: 0
  m_PrefabParentObject: {fileID: 400016, guid: 8f285f7aa5cbb1e4486e48a5adf966ff, type: 2}
  m_PrefabInternal: {fileID: 189523991}
  m_GameObject: {fileID: 324751666}
  m_LocalRotation: {x: 0, y: .707106829, z: -.707106829, w: 0}
  m_LocalPosition: {x: 0, y: 0, z: -5.25}
  m_LocalScale: {x: 4, y: 4, z: 4}
  m_Children: []
  m_Father: {fileID: 443909794}
--- !u!114 &324751668
MonoBehaviour:
  m_ObjectHideFlags: 0
  m_PrefabParentObject: {fileID: 11400016, guid: 8f285f7aa5cbb1e4486e48a5adf966ff,
    type: 2}
  m_PrefabInternal: {fileID: 189523991}
  m_GameObject: {fileID: 324751666}
  m_Enabled: 1
  m_EditorHideFlags: 0
  m_Script: {fileID: 11500000, guid: 8e816133c430d1a4aaec14df7aaa53a3, type: 3}
  m_Name: 
  allowedElement: 6
  ghost: {fileID: 0}
  allowedHex: 7
  location: 3
--- !u!23 &324751669
Renderer:
  m_ObjectHideFlags: 0
  m_PrefabParentObject: {fileID: 2300016, guid: 8f285f7aa5cbb1e4486e48a5adf966ff,
    type: 2}
  m_PrefabInternal: {fileID: 189523991}
  m_GameObject: {fileID: 324751666}
  m_Enabled: 0
  m_CastShadows: 1
  m_ReceiveShadows: 1
  m_LightmapIndex: 255
  m_LightmapTilingOffset: {x: 1, y: 1, z: 0, w: 0}
  m_Materials:
  - {fileID: 10302, guid: 0000000000000000e000000000000000, type: 0}
  m_SubsetIndices: 
  m_StaticBatchRoot: {fileID: 0}
  m_UseLightProbes: 0
  m_LightProbeAnchor: {fileID: 0}
  m_ScaleInLightmap: 1
--- !u!65 &324751670
BoxCollider:
  m_ObjectHideFlags: 0
  m_PrefabParentObject: {fileID: 6500016, guid: 8f285f7aa5cbb1e4486e48a5adf966ff,
    type: 2}
  m_PrefabInternal: {fileID: 189523991}
  m_GameObject: {fileID: 324751666}
  m_Material: {fileID: 0}
  m_IsTrigger: 0
  m_Enabled: 0
  serializedVersion: 2
  m_Size: {x: 1, y: 1, z: 1}
  m_Center: {x: 0, y: 0, z: 0}
--- !u!33 &324751671
MeshFilter:
  m_ObjectHideFlags: 0
  m_PrefabParentObject: {fileID: 3300016, guid: 8f285f7aa5cbb1e4486e48a5adf966ff,
    type: 2}
  m_PrefabInternal: {fileID: 189523991}
  m_GameObject: {fileID: 324751666}
  m_Mesh: {fileID: 10202, guid: 0000000000000000e000000000000000, type: 0}
--- !u!1 &388091261
GameObject:
  m_ObjectHideFlags: 0
  m_PrefabParentObject: {fileID: 100054, guid: 8f285f7aa5cbb1e4486e48a5adf966ff, type: 2}
  m_PrefabInternal: {fileID: 189523991}
  serializedVersion: 4
  m_Component:
  - 4: {fileID: 388091262}
  - 114: {fileID: 388091268}
  - 114: {fileID: 388091267}
  - 114: {fileID: 388091266}
  - 114: {fileID: 388091265}
  - 114: {fileID: 388091264}
  - 114: {fileID: 388091263}
  m_Layer: 8
  m_Name: SmallHexEarth
  m_TagString: Untagged
  m_Icon: {fileID: 0}
  m_NavMeshLayer: 0
  m_StaticEditorFlags: 4294967295
  m_IsActive: 1
--- !u!4 &388091262
Transform:
  m_ObjectHideFlags: 0
  m_PrefabParentObject: {fileID: 400054, guid: 8f285f7aa5cbb1e4486e48a5adf966ff, type: 2}
  m_PrefabInternal: {fileID: 189523991}
  m_GameObject: {fileID: 388091261}
  m_LocalRotation: {x: 0, y: 0, z: 0, w: 1}
  m_LocalPosition: {x: 0, y: 0, z: 10.9510336}
  m_LocalScale: {x: 1, y: 1, z: 1}
  m_Children:
  - {fileID: 841714211}
  - {fileID: 2086633072}
  - {fileID: 778466519}
  - {fileID: 1301749737}
  - {fileID: 769687830}
  - {fileID: 388797002}
  - {fileID: 443909794}
  m_Father: {fileID: 0}
--- !u!114 &388091263
MonoBehaviour:
  m_ObjectHideFlags: 0
  m_PrefabParentObject: {fileID: 11400052, guid: 8f285f7aa5cbb1e4486e48a5adf966ff,
    type: 2}
  m_PrefabInternal: {fileID: 189523991}
  m_GameObject: {fileID: 388091261}
  m_Enabled: 1
  m_EditorHideFlags: 0
  m_Script: {fileID: 11500000, guid: 28fee650d61307d4aa012838ca321904, type: 3}
  m_Name: 
  compoundShapeId: 30
  collisionShapes:
  - {fileID: 2086633073}
  - {fileID: 778466520}
  - {fileID: 1301749738}
  calculateCenterOfMass: 1
  serializationName: HexEarth
--- !u!114 &388091264
MonoBehaviour:
  m_ObjectHideFlags: 0
  m_PrefabParentObject: {fileID: 11400054, guid: 8f285f7aa5cbb1e4486e48a5adf966ff,
    type: 2}
  m_PrefabInternal: {fileID: 189523991}
  m_GameObject: {fileID: 388091261}
  m_Enabled: 0
  m_EditorHideFlags: 0
  m_Script: {fileID: 11500000, guid: 040640dfba8e442b59e288b9c9ca5ee1, type: 3}
  m_Name: 
  collisionGroup: 8
  mask: 129
  nodeview: {fileID: 388091268}
  mass: 0
  restitution: .5
  friction: 1
  rollingFriction: 0
  isTrigger: 0
  alwaysActive: 0
  compoundShape: {fileID: 388091263}
  linearDamping: .200000003
  angularDamping: .200000003
  transform: {fileID: 0}
--- !u!114 &388091265
MonoBehaviour:
  m_ObjectHideFlags: 0
  m_PrefabParentObject: {fileID: 11400056, guid: 8f285f7aa5cbb1e4486e48a5adf966ff,
    type: 2}
  m_PrefabInternal: {fileID: 189523991}
  m_GameObject: {fileID: 388091261}
  m_Enabled: 1
  m_EditorHideFlags: 0
  m_Script: {fileID: 11500000, guid: 551c9df6252c23a4798b8845eebe9747, type: 3}
  m_Name: 
  parentEntity:
    id: e_1222359171
    nodeView: {fileID: 0}
    deprecated: 0
  hooks: {fileID: 388797003}
  addOnhooks: {fileID: 443909795}
  nodeView: {fileID: 388091268}
--- !u!114 &388091266
MonoBehaviour:
  m_ObjectHideFlags: 0
  m_PrefabParentObject: {fileID: 11400058, guid: 8f285f7aa5cbb1e4486e48a5adf966ff,
    type: 2}
  m_PrefabInternal: {fileID: 189523991}
  m_GameObject: {fileID: 388091261}
  m_Enabled: 1
  m_EditorHideFlags: 0
  m_Script: {fileID: 11500000, guid: d56b931571e154a20bfe3979af78b362, type: 3}
  m_Name: 
  lights:
  - {fileID: 0}
  - {fileID: 0}
  rayTestMask: 8
  noProps: 1
  index: 0
  angle: 0
  done: 0
  hooks: {fileID: 388797003}
--- !u!114 &388091267
MonoBehaviour:
  m_ObjectHideFlags: 0
  m_PrefabParentObject: {fileID: 11400060, guid: 8f285f7aa5cbb1e4486e48a5adf966ff,
    type: 2}
  m_PrefabInternal: {fileID: 189523991}
  m_GameObject: {fileID: 388091261}
  m_Enabled: 1
  m_EditorHideFlags: 0
  m_Script: {fileID: 11500000, guid: 3febba67b0d414e7caa18e4449047e70, type: 3}
  m_Name: 
  renderers:
  - {fileID: 769687831}
  hiddenRenderers: []
  highlighted: 0
--- !u!114 &388091268
MonoBehaviour:
  m_ObjectHideFlags: 0
  m_PrefabParentObject: {fileID: 11400062, guid: 8f285f7aa5cbb1e4486e48a5adf966ff,
    type: 2}
  m_PrefabInternal: {fileID: 189523991}
  m_GameObject: {fileID: 388091261}
  m_Enabled: 0
  m_EditorHideFlags: 0
  m_Script: {fileID: 11500000, guid: 49f4fd74714e746e095e151b3502aed5, type: 3}
  m_Name: 
  transform: {fileID: 388091262}
  btRigidBody: {fileID: 388091264}
  highlight: {fileID: 0}
--- !u!1 &388797001
GameObject:
  m_ObjectHideFlags: 0
  m_PrefabParentObject: {fileID: 100040, guid: 8f285f7aa5cbb1e4486e48a5adf966ff, type: 2}
  m_PrefabInternal: {fileID: 189523991}
  serializedVersion: 4
  m_Component:
  - 4: {fileID: 388797002}
  - 114: {fileID: 388797003}
  m_Layer: 8
  m_Name: HexEarthMainTrigger
  m_TagString: Untagged
  m_Icon: {fileID: 0}
  m_NavMeshLayer: 0
  m_StaticEditorFlags: 4294967295
  m_IsActive: 1
--- !u!4 &388797002
Transform:
  m_ObjectHideFlags: 0
  m_PrefabParentObject: {fileID: 400040, guid: 8f285f7aa5cbb1e4486e48a5adf966ff, type: 2}
  m_PrefabInternal: {fileID: 189523991}
  m_GameObject: {fileID: 388797001}
  m_LocalRotation: {x: -.707106888, y: 0, z: -0, w: .707106769}
  m_LocalPosition: {x: 0, y: 0, z: 0}
  m_LocalScale: {x: 1, y: 1, z: 1}
  m_Children:
  - {fileID: 1902358972}
  - {fileID: 1456626213}
  - {fileID: 1820143916}
  - {fileID: 576929308}
  - {fileID: 1821820678}
  - {fileID: 2029686934}
  - {fileID: 1131245622}
  - {fileID: 949500063}
  m_Father: {fileID: 388091262}
--- !u!114 &388797003
MonoBehaviour:
  m_ObjectHideFlags: 0
  m_PrefabParentObject: {fileID: 11400040, guid: 8f285f7aa5cbb1e4486e48a5adf966ff,
    type: 2}
  m_PrefabInternal: {fileID: 189523991}
  m_GameObject: {fileID: 388797001}
  m_Enabled: 1
  m_EditorHideFlags: 0
  m_Script: {fileID: 11500000, guid: 88d1bcbf3d831914c83eb75a16c9530b, type: 3}
  m_Name: 
  hooks:
  - {fileID: 1902358973}
  - {fileID: 1456626209}
  - {fileID: 1820143917}
  - {fileID: 576929309}
  - {fileID: 1821820679}
  - {fileID: 1131245623}
  - {fileID: 949500064}
  - {fileID: 2029686935}
  nodeView: {fileID: 388091268}
--- !u!1 &443909793
GameObject:
  m_ObjectHideFlags: 0
  m_PrefabParentObject: {fileID: 100072, guid: 8f285f7aa5cbb1e4486e48a5adf966ff, type: 2}
  m_PrefabInternal: {fileID: 189523991}
  serializedVersion: 4
  m_Component:
  - 4: {fileID: 443909794}
  - 114: {fileID: 443909795}
  m_Layer: 8
  m_Name: HexEarthAddons
  m_TagString: Untagged
  m_Icon: {fileID: 0}
  m_NavMeshLayer: 0
  m_StaticEditorFlags: 4294967295
  m_IsActive: 1
--- !u!4 &443909794
Transform:
  m_ObjectHideFlags: 0
  m_PrefabParentObject: {fileID: 400072, guid: 8f285f7aa5cbb1e4486e48a5adf966ff, type: 2}
  m_PrefabInternal: {fileID: 189523991}
  m_GameObject: {fileID: 443909793}
  m_LocalRotation: {x: -.707106829, y: 0, z: 0, w: .707106829}
  m_LocalPosition: {x: 0, y: 0, z: 0}
  m_LocalScale: {x: 1, y: 1, z: 1}
  m_Children:
  - {fileID: 1305492301}
  - {fileID: 2047324382}
  - {fileID: 1184532672}
  - {fileID: 1318988011}
  - {fileID: 1784109973}
  - {fileID: 2018511852}
  - {fileID: 1533191063}
  - {fileID: 1227869056}
  - {fileID: 2112946443}
  - {fileID: 223161846}
  - {fileID: 582527374}
  - {fileID: 1716668164}
  - {fileID: 1679452105}
  - {fileID: 9592090}
  - {fileID: 974255630}
  - {fileID: 1451040524}
  - {fileID: 2066266494}
  - {fileID: 1066098937}
  - {fileID: 324751667}
  m_Father: {fileID: 388091262}
--- !u!114 &443909795
MonoBehaviour:
  m_ObjectHideFlags: 0
  m_PrefabParentObject: {fileID: 11400080, guid: 8f285f7aa5cbb1e4486e48a5adf966ff,
    type: 2}
  m_PrefabInternal: {fileID: 189523991}
  m_GameObject: {fileID: 443909793}
  m_Enabled: 1
  m_EditorHideFlags: 0
  m_Script: {fileID: 11500000, guid: 88d1bcbf3d831914c83eb75a16c9530b, type: 3}
  m_Name: 
  hooks:
  - {fileID: 1305492302}
  - {fileID: 2047324383}
  - {fileID: 1184532673}
  - {fileID: 1318988012}
  - {fileID: 1784109974}
  - {fileID: 2018511853}
  - {fileID: 1533191064}
  - {fileID: 1227869057}
  - {fileID: 2112946444}
  - {fileID: 223161847}
  - {fileID: 582527375}
  - {fileID: 1716668165}
  - {fileID: 1679452106}
  - {fileID: 9592091}
  - {fileID: 974255631}
  - {fileID: 1451040525}
  - {fileID: 2066266495}
  - {fileID: 1066098938}
  - {fileID: 324751668}
  nodeView: {fileID: 388091268}
--- !u!1 &576929307
GameObject:
  m_ObjectHideFlags: 0
  m_PrefabParentObject: {fileID: 100008, guid: 8f285f7aa5cbb1e4486e48a5adf966ff, type: 2}
  m_PrefabInternal: {fileID: 189523991}
  serializedVersion: 4
  m_Component:
  - 4: {fileID: 576929308}
  - 33: {fileID: 576929312}
  - 65: {fileID: 576929311}
  - 23: {fileID: 576929310}
  - 114: {fileID: 576929309}
  m_Layer: 8
  m_Name: HookPoint
  m_TagString: Untagged
  m_Icon: {fileID: 0}
  m_NavMeshLayer: 0
  m_StaticEditorFlags: 4294967295
  m_IsActive: 1
--- !u!4 &576929308
Transform:
  m_ObjectHideFlags: 0
  m_PrefabParentObject: {fileID: 400008, guid: 8f285f7aa5cbb1e4486e48a5adf966ff, type: 2}
  m_PrefabInternal: {fileID: 189523991}
  m_GameObject: {fileID: 576929307}
  m_LocalRotation: {x: .50000006, y: .49999994, z: .50000006, w: .49999994}
  m_LocalPosition: {x: 0, y: 10.1602526, z: 0}
  m_LocalScale: {x: 4, y: 4, z: 4}
  m_Children: []
  m_Father: {fileID: 388797002}
--- !u!114 &576929309
MonoBehaviour:
  m_ObjectHideFlags: 0
  m_PrefabParentObject: {fileID: 11400008, guid: 8f285f7aa5cbb1e4486e48a5adf966ff,
    type: 2}
  m_PrefabInternal: {fileID: 189523991}
  m_GameObject: {fileID: 576929307}
  m_Enabled: 1
  m_EditorHideFlags: 0
  m_Script: {fileID: 11500000, guid: 8e816133c430d1a4aaec14df7aaa53a3, type: 3}
  m_Name: 
  allowedElement: 6
  ghost: {fileID: 0}
  allowedHex: 7
  location: 1
--- !u!23 &576929310
Renderer:
  m_ObjectHideFlags: 0
  m_PrefabParentObject: {fileID: 2300008, guid: 8f285f7aa5cbb1e4486e48a5adf966ff,
    type: 2}
  m_PrefabInternal: {fileID: 189523991}
  m_GameObject: {fileID: 576929307}
  m_Enabled: 0
  m_CastShadows: 1
  m_ReceiveShadows: 1
  m_LightmapIndex: 255
  m_LightmapTilingOffset: {x: 1, y: 1, z: 0, w: 0}
  m_Materials:
  - {fileID: 10302, guid: 0000000000000000e000000000000000, type: 0}
  m_SubsetIndices: 
  m_StaticBatchRoot: {fileID: 0}
  m_UseLightProbes: 0
  m_LightProbeAnchor: {fileID: 0}
  m_ScaleInLightmap: 1
--- !u!65 &576929311
BoxCollider:
  m_ObjectHideFlags: 0
  m_PrefabParentObject: {fileID: 6500008, guid: 8f285f7aa5cbb1e4486e48a5adf966ff,
    type: 2}
  m_PrefabInternal: {fileID: 189523991}
  m_GameObject: {fileID: 576929307}
  m_Material: {fileID: 0}
  m_IsTrigger: 0
  m_Enabled: 0
  serializedVersion: 2
  m_Size: {x: 1, y: 1, z: 1}
  m_Center: {x: 0, y: 0, z: 0}
--- !u!33 &576929312
MeshFilter:
  m_ObjectHideFlags: 0
  m_PrefabParentObject: {fileID: 3300008, guid: 8f285f7aa5cbb1e4486e48a5adf966ff,
    type: 2}
  m_PrefabInternal: {fileID: 189523991}
  m_GameObject: {fileID: 576929307}
  m_Mesh: {fileID: 10202, guid: 0000000000000000e000000000000000, type: 0}
--- !u!1 &582527373
GameObject:
  m_ObjectHideFlags: 0
  m_PrefabParentObject: {fileID: 100034, guid: 8f285f7aa5cbb1e4486e48a5adf966ff, type: 2}
  m_PrefabInternal: {fileID: 189523991}
  serializedVersion: 4
  m_Component:
  - 4: {fileID: 582527374}
  - 33: {fileID: 582527378}
  - 65: {fileID: 582527377}
  - 23: {fileID: 582527376}
  - 114: {fileID: 582527375}
  m_Layer: 8
  m_Name: HookPoint
  m_TagString: Untagged
  m_Icon: {fileID: 0}
  m_NavMeshLayer: 0
  m_StaticEditorFlags: 4294967295
  m_IsActive: 1
--- !u!4 &582527374
Transform:
  m_ObjectHideFlags: 0
  m_PrefabParentObject: {fileID: 400034, guid: 8f285f7aa5cbb1e4486e48a5adf966ff, type: 2}
  m_PrefabInternal: {fileID: 189523991}
  m_GameObject: {fileID: 582527373}
  m_LocalRotation: {x: 0, y: 0, z: 0, w: 1}
  m_LocalPosition: {x: 0, y: 10.1602488, z: 4.12500095}
  m_LocalScale: {x: 4, y: 4, z: 4}
  m_Children: []
  m_Father: {fileID: 443909794}
--- !u!114 &582527375
MonoBehaviour:
  m_ObjectHideFlags: 0
  m_PrefabParentObject: {fileID: 11400034, guid: 8f285f7aa5cbb1e4486e48a5adf966ff,
    type: 2}
  m_PrefabInternal: {fileID: 189523991}
  m_GameObject: {fileID: 582527373}
  m_Enabled: 1
  m_EditorHideFlags: 0
  m_Script: {fileID: 11500000, guid: 8e816133c430d1a4aaec14df7aaa53a3, type: 3}
  m_Name: 
  allowedElement: 6
  ghost: {fileID: 0}
  allowedHex: 7
  location: 3
--- !u!23 &582527376
Renderer:
  m_ObjectHideFlags: 0
  m_PrefabParentObject: {fileID: 2300034, guid: 8f285f7aa5cbb1e4486e48a5adf966ff,
    type: 2}
  m_PrefabInternal: {fileID: 189523991}
  m_GameObject: {fileID: 582527373}
  m_Enabled: 0
  m_CastShadows: 1
  m_ReceiveShadows: 1
  m_LightmapIndex: 255
  m_LightmapTilingOffset: {x: 1, y: 1, z: 0, w: 0}
  m_Materials:
  - {fileID: 10302, guid: 0000000000000000e000000000000000, type: 0}
  m_SubsetIndices: 
  m_StaticBatchRoot: {fileID: 0}
  m_UseLightProbes: 0
  m_LightProbeAnchor: {fileID: 0}
  m_ScaleInLightmap: 1
--- !u!65 &582527377
BoxCollider:
  m_ObjectHideFlags: 0
  m_PrefabParentObject: {fileID: 6500034, guid: 8f285f7aa5cbb1e4486e48a5adf966ff,
    type: 2}
  m_PrefabInternal: {fileID: 189523991}
  m_GameObject: {fileID: 582527373}
  m_Material: {fileID: 0}
  m_IsTrigger: 0
  m_Enabled: 0
  serializedVersion: 2
  m_Size: {x: 1, y: 1, z: 1}
  m_Center: {x: 0, y: 0, z: 0}
--- !u!33 &582527378
MeshFilter:
  m_ObjectHideFlags: 0
  m_PrefabParentObject: {fileID: 3300034, guid: 8f285f7aa5cbb1e4486e48a5adf966ff,
    type: 2}
  m_PrefabInternal: {fileID: 189523991}
  m_GameObject: {fileID: 582527373}
  m_Mesh: {fileID: 10202, guid: 0000000000000000e000000000000000, type: 0}
--- !u!1 &588212079
GameObject:
  m_ObjectHideFlags: 0
  m_PrefabParentObject: {fileID: 0}
  m_PrefabInternal: {fileID: 0}
  serializedVersion: 4
  m_Component:
  - 4: {fileID: 588212080}
  m_Layer: 0
  m_Name: GameObject
  m_TagString: Untagged
  m_Icon: {fileID: 0}
  m_NavMeshLayer: 0
  m_StaticEditorFlags: 0
  m_IsActive: 1
--- !u!4 &588212080
Transform:
  m_ObjectHideFlags: 0
  m_PrefabParentObject: {fileID: 0}
  m_PrefabInternal: {fileID: 0}
  m_GameObject: {fileID: 588212079}
  m_LocalRotation: {x: 0, y: 0, z: 0, w: 1}
  m_LocalPosition: {x: -2451.35498, y: -559.900085, z: 163.940903}
  m_LocalScale: {x: 1, y: 1, z: 1}
  m_Children: []
  m_Father: {fileID: 0}
--- !u!1 &769687829
GameObject:
  m_ObjectHideFlags: 0
  m_PrefabParentObject: {fileID: 100018, guid: 8f285f7aa5cbb1e4486e48a5adf966ff, type: 2}
  m_PrefabInternal: {fileID: 189523991}
  serializedVersion: 4
  m_Component:
  - 4: {fileID: 769687830}
  - 33: {fileID: 769687832}
  - 23: {fileID: 769687831}
  - 114: {fileID: 769687833}
  m_Layer: 8
  m_Name: EarthCrfaftOneMaterial
  m_TagString: Untagged
  m_Icon: {fileID: 0}
  m_NavMeshLayer: 0
  m_StaticEditorFlags: 4294967295
  m_IsActive: 1
--- !u!4 &769687830
Transform:
  m_ObjectHideFlags: 0
  m_PrefabParentObject: {fileID: 400018, guid: 8f285f7aa5cbb1e4486e48a5adf966ff, type: 2}
  m_PrefabInternal: {fileID: 189523991}
  m_GameObject: {fileID: 769687829}
  m_LocalRotation: {x: -.707106888, y: 0, z: -0, w: .707106769}
  m_LocalPosition: {x: 0, y: 0, z: 0}
  m_LocalScale: {x: 1, y: 1, z: 1}
  m_Children: []
  m_Father: {fileID: 388091262}
--- !u!23 &769687831
Renderer:
  m_ObjectHideFlags: 0
  m_PrefabParentObject: {fileID: 2300018, guid: 8f285f7aa5cbb1e4486e48a5adf966ff,
    type: 2}
  m_PrefabInternal: {fileID: 189523991}
  m_GameObject: {fileID: 769687829}
  m_Enabled: 1
  m_CastShadows: 1
  m_ReceiveShadows: 1
  m_LightmapIndex: 255
  m_LightmapTilingOffset: {x: 1, y: 1, z: 0, w: 0}
  m_Materials:
  - {fileID: 2100000, guid: 815e99775ffebf9419383f441341ef2a, type: 2}
  m_SubsetIndices: 
  m_StaticBatchRoot: {fileID: 0}
  m_UseLightProbes: 0
  m_LightProbeAnchor: {fileID: 0}
  m_ScaleInLightmap: 1
--- !u!33 &769687832
MeshFilter:
  m_ObjectHideFlags: 0
  m_PrefabParentObject: {fileID: 3300018, guid: 8f285f7aa5cbb1e4486e48a5adf966ff,
    type: 2}
  m_PrefabInternal: {fileID: 189523991}
  m_GameObject: {fileID: 769687829}
  m_Mesh: {fileID: 4300000, guid: f5afe06902b6f9e428a86c15b8447d13, type: 3}
--- !u!114 &769687833
MonoBehaviour:
  m_ObjectHideFlags: 0
  m_PrefabParentObject: {fileID: 11400018, guid: 8f285f7aa5cbb1e4486e48a5adf966ff,
    type: 2}
  m_PrefabInternal: {fileID: 189523991}
  m_GameObject: {fileID: 769687829}
  m_Enabled: 1
  m_EditorHideFlags: 0
  m_Script: {fileID: 11500000, guid: 5050de79c723e444493f0874277640ea, type: 3}
  m_Name: 
--- !u!1 &778466518
GameObject:
  m_ObjectHideFlags: 0
  m_PrefabParentObject: {fileID: 100050, guid: 8f285f7aa5cbb1e4486e48a5adf966ff, type: 2}
  m_PrefabInternal: {fileID: 189523991}
  serializedVersion: 4
  m_Component:
  - 4: {fileID: 778466519}
  - 33: {fileID: 778466522}
  - 23: {fileID: 778466521}
  - 114: {fileID: 778466520}
  m_Layer: 8
  m_Name: Cube
  m_TagString: Untagged
  m_Icon: {fileID: 0}
  m_NavMeshLayer: 0
  m_StaticEditorFlags: 4294967295
  m_IsActive: 1
--- !u!4 &778466519
Transform:
  m_ObjectHideFlags: 0
  m_PrefabParentObject: {fileID: 400048, guid: 8f285f7aa5cbb1e4486e48a5adf966ff, type: 2}
  m_PrefabInternal: {fileID: 189523991}
  m_GameObject: {fileID: 778466518}
  m_LocalRotation: {x: 0, y: -.258819073, z: 0, w: .965925872}
  m_LocalPosition: {x: 0, y: 0, z: 0}
  m_LocalScale: {x: 20, y: 10.5, z: 11.5}
  m_Children: []
  m_Father: {fileID: 388091262}
--- !u!114 &778466520
MonoBehaviour:
  m_ObjectHideFlags: 0
  m_PrefabParentObject: {fileID: 11400044, guid: 8f285f7aa5cbb1e4486e48a5adf966ff,
    type: 2}
  m_PrefabInternal: {fileID: 189523991}
  m_GameObject: {fileID: 778466518}
  m_Enabled: 1
  m_EditorHideFlags: 0
  m_Script: {fileID: 11500000, guid: 34c2cd30a6f478241a51e7e385393397, type: 3}
  m_Name: 
  type: 0
  mesh: {fileID: 0}
  vertexCount: 0
  triangleCount: 0
--- !u!23 &778466521
Renderer:
  m_ObjectHideFlags: 0
  m_PrefabParentObject: {fileID: 2300046, guid: 8f285f7aa5cbb1e4486e48a5adf966ff,
    type: 2}
  m_PrefabInternal: {fileID: 189523991}
  m_GameObject: {fileID: 778466518}
  m_Enabled: 0
  m_CastShadows: 1
  m_ReceiveShadows: 1
  m_LightmapIndex: 255
  m_LightmapTilingOffset: {x: 1, y: 1, z: 0, w: 0}
  m_Materials:
  - {fileID: 10302, guid: 0000000000000000e000000000000000, type: 0}
  m_SubsetIndices: 
  m_StaticBatchRoot: {fileID: 0}
  m_UseLightProbes: 0
  m_LightProbeAnchor: {fileID: 0}
  m_ScaleInLightmap: 1
--- !u!33 &778466522
MeshFilter:
  m_ObjectHideFlags: 0
  m_PrefabParentObject: {fileID: 3300046, guid: 8f285f7aa5cbb1e4486e48a5adf966ff,
    type: 2}
  m_PrefabInternal: {fileID: 189523991}
  m_GameObject: {fileID: 778466518}
  m_Mesh: {fileID: 10202, guid: 0000000000000000e000000000000000, type: 0}
--- !u!1 &841714210
GameObject:
  m_ObjectHideFlags: 0
  m_PrefabParentObject: {fileID: 100042, guid: 8f285f7aa5cbb1e4486e48a5adf966ff, type: 2}
  m_PrefabInternal: {fileID: 189523991}
  serializedVersion: 4
  m_Component:
  - 4: {fileID: 841714211}
  - 114: {fileID: 841714213}
  - 114: {fileID: 841714212}
  m_Layer: 8
  m_Name: Bots/pa_minion01
  m_TagString: Untagged
  m_Icon: {fileID: 0}
  m_NavMeshLayer: 0
  m_StaticEditorFlags: 4294967295
  m_IsActive: 1
--- !u!4 &841714211
Transform:
  m_ObjectHideFlags: 0
  m_PrefabParentObject: {fileID: 400052, guid: 8f285f7aa5cbb1e4486e48a5adf966ff, type: 2}
  m_PrefabInternal: {fileID: 189523991}
  m_GameObject: {fileID: 841714210}
  m_LocalRotation: {x: 0, y: 0, z: 0, w: 1}
  m_LocalPosition: {x: 0, y: 10, z: 0}
  m_LocalScale: {x: 1, y: 1, z: 1}
  m_Children: []
  m_Father: {fileID: 388091262}
--- !u!114 &841714212
MonoBehaviour:
  m_ObjectHideFlags: 0
  m_PrefabParentObject: {fileID: 11400048, guid: 8f285f7aa5cbb1e4486e48a5adf966ff,
    type: 2}
  m_PrefabInternal: {fileID: 189523991}
  m_GameObject: {fileID: 841714210}
  m_Enabled: 1
  m_EditorHideFlags: 0
  m_Script: {fileID: 11500000, guid: c1fbfc9c3965f98468c63d4a8f0902b7, type: 3}
  m_Name: 
--- !u!114 &841714213
MonoBehaviour:
  m_ObjectHideFlags: 0
  m_PrefabParentObject: {fileID: 11400050, guid: 8f285f7aa5cbb1e4486e48a5adf966ff,
    type: 2}
  m_PrefabInternal: {fileID: 189523991}
  m_GameObject: {fileID: 841714210}
  m_Enabled: 0
  m_EditorHideFlags: 0
  m_Script: {fileID: 11500000, guid: a00b4af8ffcc5456ea4dba1d2403666b, type: 3}
  m_Name: 
--- !u!1 &949500062
GameObject:
  m_ObjectHideFlags: 0
  m_PrefabParentObject: {fileID: 100000, guid: 8f285f7aa5cbb1e4486e48a5adf966ff, type: 2}
  m_PrefabInternal: {fileID: 189523991}
  serializedVersion: 4
  m_Component:
  - 4: {fileID: 949500063}
  - 33: {fileID: 949500067}
  - 65: {fileID: 949500066}
  - 23: {fileID: 949500065}
  - 114: {fileID: 949500064}
  m_Layer: 8
  m_Name: HookPoint
  m_TagString: Untagged
  m_Icon: {fileID: 0}
  m_NavMeshLayer: 0
  m_StaticEditorFlags: 4294967295
  m_IsActive: 1
--- !u!4 &949500063
Transform:
  m_ObjectHideFlags: 0
  m_PrefabParentObject: {fileID: 400000, guid: 8f285f7aa5cbb1e4486e48a5adf966ff, type: 2}
  m_PrefabInternal: {fileID: 189523991}
  m_GameObject: {fileID: 949500062}
  m_LocalRotation: {x: .707106829, y: 0, z: 0, w: .707106829}
  m_LocalPosition: {x: 0, y: 0, z: -5.25}
  m_LocalScale: {x: 4, y: 4, z: 4}
  m_Children: []
  m_Father: {fileID: 388797002}
--- !u!114 &949500064
MonoBehaviour:
  m_ObjectHideFlags: 0
  m_PrefabParentObject: {fileID: 11400000, guid: 8f285f7aa5cbb1e4486e48a5adf966ff,
    type: 2}
  m_PrefabInternal: {fileID: 189523991}
  m_GameObject: {fileID: 949500062}
  m_Enabled: 1
  m_EditorHideFlags: 0
  m_Script: {fileID: 11500000, guid: 8e816133c430d1a4aaec14df7aaa53a3, type: 3}
  m_Name: 
  allowedElement: 6
  ghost: {fileID: 0}
  allowedHex: 7
  location: 2
--- !u!23 &949500065
Renderer:
  m_ObjectHideFlags: 0
  m_PrefabParentObject: {fileID: 2300000, guid: 8f285f7aa5cbb1e4486e48a5adf966ff,
    type: 2}
  m_PrefabInternal: {fileID: 189523991}
  m_GameObject: {fileID: 949500062}
  m_Enabled: 0
  m_CastShadows: 1
  m_ReceiveShadows: 1
  m_LightmapIndex: 255
  m_LightmapTilingOffset: {x: 1, y: 1, z: 0, w: 0}
  m_Materials:
  - {fileID: 10302, guid: 0000000000000000e000000000000000, type: 0}
  m_SubsetIndices: 
  m_StaticBatchRoot: {fileID: 0}
  m_UseLightProbes: 0
  m_LightProbeAnchor: {fileID: 0}
  m_ScaleInLightmap: 1
--- !u!65 &949500066
BoxCollider:
  m_ObjectHideFlags: 0
  m_PrefabParentObject: {fileID: 6500000, guid: 8f285f7aa5cbb1e4486e48a5adf966ff,
    type: 2}
  m_PrefabInternal: {fileID: 189523991}
  m_GameObject: {fileID: 949500062}
  m_Material: {fileID: 0}
  m_IsTrigger: 0
  m_Enabled: 0
  serializedVersion: 2
  m_Size: {x: 1, y: 1, z: 1}
  m_Center: {x: 0, y: 0, z: 0}
--- !u!33 &949500067
MeshFilter:
  m_ObjectHideFlags: 0
  m_PrefabParentObject: {fileID: 3300000, guid: 8f285f7aa5cbb1e4486e48a5adf966ff,
    type: 2}
  m_PrefabInternal: {fileID: 189523991}
  m_GameObject: {fileID: 949500062}
  m_Mesh: {fileID: 10202, guid: 0000000000000000e000000000000000, type: 0}
--- !u!1 &974255629
GameObject:
  m_ObjectHideFlags: 0
  m_PrefabParentObject: {fileID: 100026, guid: 8f285f7aa5cbb1e4486e48a5adf966ff, type: 2}
  m_PrefabInternal: {fileID: 189523991}
  serializedVersion: 4
  m_Component:
  - 4: {fileID: 974255630}
  - 33: {fileID: 974255634}
  - 65: {fileID: 974255633}
  - 23: {fileID: 974255632}
  - 114: {fileID: 974255631}
  m_Layer: 8
  m_Name: HookPoint
  m_TagString: Untagged
  m_Icon: {fileID: 0}
  m_NavMeshLayer: 0
  m_StaticEditorFlags: 4294967295
  m_IsActive: 1
--- !u!4 &974255630
Transform:
  m_ObjectHideFlags: 0
  m_PrefabParentObject: {fileID: 400026, guid: 8f285f7aa5cbb1e4486e48a5adf966ff, type: 2}
  m_PrefabInternal: {fileID: 189523991}
  m_GameObject: {fileID: 974255629}
  m_LocalRotation: {x: .353553414, y: .612372458, z: -.353553414, w: .612372458}
  m_LocalPosition: {x: 8.79852486, y: 5.08012772, z: 0}
  m_LocalScale: {x: 4, y: 4, z: 4}
  m_Children: []
  m_Father: {fileID: 443909794}
--- !u!114 &974255631
MonoBehaviour:
  m_ObjectHideFlags: 0
  m_PrefabParentObject: {fileID: 11400026, guid: 8f285f7aa5cbb1e4486e48a5adf966ff,
    type: 2}
  m_PrefabInternal: {fileID: 189523991}
  m_GameObject: {fileID: 974255629}
  m_Enabled: 1
  m_EditorHideFlags: 0
  m_Script: {fileID: 11500000, guid: 8e816133c430d1a4aaec14df7aaa53a3, type: 3}
  m_Name: 
  allowedElement: 6
  ghost: {fileID: 0}
  allowedHex: 7
  location: 3
--- !u!23 &974255632
Renderer:
  m_ObjectHideFlags: 0
  m_PrefabParentObject: {fileID: 2300026, guid: 8f285f7aa5cbb1e4486e48a5adf966ff,
    type: 2}
  m_PrefabInternal: {fileID: 189523991}
  m_GameObject: {fileID: 974255629}
  m_Enabled: 0
  m_CastShadows: 1
  m_ReceiveShadows: 1
  m_LightmapIndex: 255
  m_LightmapTilingOffset: {x: 1, y: 1, z: 0, w: 0}
  m_Materials:
  - {fileID: 10302, guid: 0000000000000000e000000000000000, type: 0}
  m_SubsetIndices: 
  m_StaticBatchRoot: {fileID: 0}
  m_UseLightProbes: 0
  m_LightProbeAnchor: {fileID: 0}
  m_ScaleInLightmap: 1
--- !u!65 &974255633
BoxCollider:
  m_ObjectHideFlags: 0
  m_PrefabParentObject: {fileID: 6500026, guid: 8f285f7aa5cbb1e4486e48a5adf966ff,
    type: 2}
  m_PrefabInternal: {fileID: 189523991}
  m_GameObject: {fileID: 974255629}
  m_Material: {fileID: 0}
  m_IsTrigger: 0
  m_Enabled: 0
  serializedVersion: 2
  m_Size: {x: 1, y: 1, z: 1}
  m_Center: {x: 0, y: 0, z: 0}
--- !u!33 &974255634
MeshFilter:
  m_ObjectHideFlags: 0
  m_PrefabParentObject: {fileID: 3300026, guid: 8f285f7aa5cbb1e4486e48a5adf966ff,
    type: 2}
  m_PrefabInternal: {fileID: 189523991}
  m_GameObject: {fileID: 974255629}
  m_Mesh: {fileID: 10202, guid: 0000000000000000e000000000000000, type: 0}
--- !u!1 &1066098936
GameObject:
  m_ObjectHideFlags: 0
  m_PrefabParentObject: {fileID: 100020, guid: 8f285f7aa5cbb1e4486e48a5adf966ff, type: 2}
  m_PrefabInternal: {fileID: 189523991}
  serializedVersion: 4
  m_Component:
  - 4: {fileID: 1066098937}
  - 33: {fileID: 1066098941}
  - 65: {fileID: 1066098940}
  - 23: {fileID: 1066098939}
  - 114: {fileID: 1066098938}
  m_Layer: 8
  m_Name: HookPoint
  m_TagString: Untagged
  m_Icon: {fileID: 0}
  m_NavMeshLayer: 0
  m_StaticEditorFlags: 4294967295
  m_IsActive: 1
--- !u!4 &1066098937
Transform:
  m_ObjectHideFlags: 0
  m_PrefabParentObject: {fileID: 400020, guid: 8f285f7aa5cbb1e4486e48a5adf966ff, type: 2}
  m_PrefabInternal: {fileID: 189523991}
  m_GameObject: {fileID: 1066098936}
  m_LocalRotation: {x: .612372339, y: -.353553534, z: -.612372339, w: -.353553593}
  m_LocalPosition: {x: -8.79852486, y: -5.08012772, z: 0}
  m_LocalScale: {x: 4, y: 4, z: 4}
  m_Children: []
  m_Father: {fileID: 443909794}
--- !u!114 &1066098938
MonoBehaviour:
  m_ObjectHideFlags: 0
  m_PrefabParentObject: {fileID: 11400020, guid: 8f285f7aa5cbb1e4486e48a5adf966ff,
    type: 2}
  m_PrefabInternal: {fileID: 189523991}
  m_GameObject: {fileID: 1066098936}
  m_Enabled: 1
  m_EditorHideFlags: 0
  m_Script: {fileID: 11500000, guid: 8e816133c430d1a4aaec14df7aaa53a3, type: 3}
  m_Name: 
  allowedElement: 6
  ghost: {fileID: 0}
  allowedHex: 7
  location: 3
--- !u!23 &1066098939
Renderer:
  m_ObjectHideFlags: 0
  m_PrefabParentObject: {fileID: 2300020, guid: 8f285f7aa5cbb1e4486e48a5adf966ff,
    type: 2}
  m_PrefabInternal: {fileID: 189523991}
  m_GameObject: {fileID: 1066098936}
  m_Enabled: 0
  m_CastShadows: 1
  m_ReceiveShadows: 1
  m_LightmapIndex: 255
  m_LightmapTilingOffset: {x: 1, y: 1, z: 0, w: 0}
  m_Materials:
  - {fileID: 10302, guid: 0000000000000000e000000000000000, type: 0}
  m_SubsetIndices: 
  m_StaticBatchRoot: {fileID: 0}
  m_UseLightProbes: 0
  m_LightProbeAnchor: {fileID: 0}
  m_ScaleInLightmap: 1
--- !u!65 &1066098940
BoxCollider:
  m_ObjectHideFlags: 0
  m_PrefabParentObject: {fileID: 6500020, guid: 8f285f7aa5cbb1e4486e48a5adf966ff,
    type: 2}
  m_PrefabInternal: {fileID: 189523991}
  m_GameObject: {fileID: 1066098936}
  m_Material: {fileID: 0}
  m_IsTrigger: 0
  m_Enabled: 0
  serializedVersion: 2
  m_Size: {x: 1, y: 1, z: 1}
  m_Center: {x: 0, y: 0, z: 0}
--- !u!33 &1066098941
MeshFilter:
  m_ObjectHideFlags: 0
  m_PrefabParentObject: {fileID: 3300020, guid: 8f285f7aa5cbb1e4486e48a5adf966ff,
    type: 2}
  m_PrefabInternal: {fileID: 189523991}
  m_GameObject: {fileID: 1066098936}
  m_Mesh: {fileID: 10202, guid: 0000000000000000e000000000000000, type: 0}
--- !u!1 &1131245621
GameObject:
  m_ObjectHideFlags: 0
  m_PrefabParentObject: {fileID: 100002, guid: 8f285f7aa5cbb1e4486e48a5adf966ff, type: 2}
  m_PrefabInternal: {fileID: 189523991}
  serializedVersion: 4
  m_Component:
  - 4: {fileID: 1131245622}
  - 33: {fileID: 1131245626}
  - 65: {fileID: 1131245625}
  - 23: {fileID: 1131245624}
  - 114: {fileID: 1131245623}
  m_Layer: 8
  m_Name: HookPoint
  m_TagString: Untagged
  m_Icon: {fileID: 0}
  m_NavMeshLayer: 0
  m_StaticEditorFlags: 4294967295
  m_IsActive: 1
--- !u!4 &1131245622
Transform:
  m_ObjectHideFlags: 0
  m_PrefabParentObject: {fileID: 400002, guid: 8f285f7aa5cbb1e4486e48a5adf966ff, type: 2}
  m_PrefabInternal: {fileID: 189523991}
  m_GameObject: {fileID: 1131245621}
  m_LocalRotation: {x: .707106829, y: 0, z: 0, w: .707106829}
  m_LocalPosition: {x: -0, y: 0, z: 5.25}
  m_LocalScale: {x: 4, y: 4, z: 4}
  m_Children: []
  m_Father: {fileID: 388797002}
--- !u!114 &1131245623
MonoBehaviour:
  m_ObjectHideFlags: 0
  m_PrefabParentObject: {fileID: 11400002, guid: 8f285f7aa5cbb1e4486e48a5adf966ff,
    type: 2}
  m_PrefabInternal: {fileID: 189523991}
  m_GameObject: {fileID: 1131245621}
  m_Enabled: 1
  m_EditorHideFlags: 0
  m_Script: {fileID: 11500000, guid: 8e816133c430d1a4aaec14df7aaa53a3, type: 3}
  m_Name: 
  allowedElement: 6
  ghost: {fileID: 0}
  allowedHex: 7
  location: 0
--- !u!23 &1131245624
Renderer:
  m_ObjectHideFlags: 0
  m_PrefabParentObject: {fileID: 2300002, guid: 8f285f7aa5cbb1e4486e48a5adf966ff,
    type: 2}
  m_PrefabInternal: {fileID: 189523991}
  m_GameObject: {fileID: 1131245621}
  m_Enabled: 0
  m_CastShadows: 1
  m_ReceiveShadows: 1
  m_LightmapIndex: 255
  m_LightmapTilingOffset: {x: 1, y: 1, z: 0, w: 0}
  m_Materials:
  - {fileID: 10302, guid: 0000000000000000e000000000000000, type: 0}
  m_SubsetIndices: 
  m_StaticBatchRoot: {fileID: 0}
  m_UseLightProbes: 0
  m_LightProbeAnchor: {fileID: 0}
  m_ScaleInLightmap: 1
--- !u!65 &1131245625
BoxCollider:
  m_ObjectHideFlags: 0
  m_PrefabParentObject: {fileID: 6500002, guid: 8f285f7aa5cbb1e4486e48a5adf966ff,
    type: 2}
  m_PrefabInternal: {fileID: 189523991}
  m_GameObject: {fileID: 1131245621}
  m_Material: {fileID: 0}
  m_IsTrigger: 0
  m_Enabled: 0
  serializedVersion: 2
  m_Size: {x: 1, y: 1, z: 1}
  m_Center: {x: 0, y: 0, z: 0}
--- !u!33 &1131245626
MeshFilter:
  m_ObjectHideFlags: 0
  m_PrefabParentObject: {fileID: 3300002, guid: 8f285f7aa5cbb1e4486e48a5adf966ff,
    type: 2}
  m_PrefabInternal: {fileID: 189523991}
  m_GameObject: {fileID: 1131245621}
  m_Mesh: {fileID: 10202, guid: 0000000000000000e000000000000000, type: 0}
--- !u!1 &1184532671
GameObject:
  m_ObjectHideFlags: 0
  m_PrefabParentObject: {fileID: 100066, guid: 8f285f7aa5cbb1e4486e48a5adf966ff, type: 2}
  m_PrefabInternal: {fileID: 189523991}
  serializedVersion: 4
  m_Component:
  - 4: {fileID: 1184532672}
  - 33: {fileID: 1184532676}
  - 65: {fileID: 1184532675}
  - 23: {fileID: 1184532674}
  - 114: {fileID: 1184532673}
  m_Layer: 8
  m_Name: HookPoint
  m_TagString: Untagged
  m_Icon: {fileID: 0}
  m_NavMeshLayer: 0
  m_StaticEditorFlags: 4294967295
  m_IsActive: 1
--- !u!4 &1184532672
Transform:
  m_ObjectHideFlags: 0
  m_PrefabParentObject: {fileID: 400066, guid: 8f285f7aa5cbb1e4486e48a5adf966ff, type: 2}
  m_PrefabInternal: {fileID: 189523991}
  m_GameObject: {fileID: 1184532671}
  m_LocalRotation: {x: .683012724, y: .183012739, z: -.683012724, w: .183012679}
  m_LocalPosition: {x: 5.61600113, y: -9.72712898, z: 0}
  m_LocalScale: {x: 4, y: 4, z: 4}
  m_Children: []
  m_Father: {fileID: 443909794}
--- !u!114 &1184532673
MonoBehaviour:
  m_ObjectHideFlags: 0
  m_PrefabParentObject: {fileID: 11400074, guid: 8f285f7aa5cbb1e4486e48a5adf966ff,
    type: 2}
  m_PrefabInternal: {fileID: 189523991}
  m_GameObject: {fileID: 1184532671}
  m_Enabled: 1
  m_EditorHideFlags: 0
  m_Script: {fileID: 11500000, guid: 8e816133c430d1a4aaec14df7aaa53a3, type: 3}
  m_Name: 
  allowedElement: 6
  ghost: {fileID: 0}
  allowedHex: 7
  location: 3
--- !u!23 &1184532674
Renderer:
  m_ObjectHideFlags: 0
  m_PrefabParentObject: {fileID: 2300060, guid: 8f285f7aa5cbb1e4486e48a5adf966ff,
    type: 2}
  m_PrefabInternal: {fileID: 189523991}
  m_GameObject: {fileID: 1184532671}
  m_Enabled: 0
  m_CastShadows: 1
  m_ReceiveShadows: 1
  m_LightmapIndex: 255
  m_LightmapTilingOffset: {x: 1, y: 1, z: 0, w: 0}
  m_Materials:
  - {fileID: 10302, guid: 0000000000000000e000000000000000, type: 0}
  m_SubsetIndices: 
  m_StaticBatchRoot: {fileID: 0}
  m_UseLightProbes: 0
  m_LightProbeAnchor: {fileID: 0}
  m_ScaleInLightmap: 1
--- !u!65 &1184532675
BoxCollider:
  m_ObjectHideFlags: 0
  m_PrefabParentObject: {fileID: 6500050, guid: 8f285f7aa5cbb1e4486e48a5adf966ff,
    type: 2}
  m_PrefabInternal: {fileID: 189523991}
  m_GameObject: {fileID: 1184532671}
  m_Material: {fileID: 0}
  m_IsTrigger: 0
  m_Enabled: 0
  serializedVersion: 2
  m_Size: {x: 1, y: 1, z: 1}
  m_Center: {x: 0, y: 0, z: 0}
--- !u!33 &1184532676
MeshFilter:
  m_ObjectHideFlags: 0
  m_PrefabParentObject: {fileID: 3300060, guid: 8f285f7aa5cbb1e4486e48a5adf966ff,
    type: 2}
  m_PrefabInternal: {fileID: 189523991}
  m_GameObject: {fileID: 1184532671}
  m_Mesh: {fileID: 10202, guid: 0000000000000000e000000000000000, type: 0}
--- !u!1 &1227869055
GameObject:
  m_ObjectHideFlags: 0
  m_PrefabParentObject: {fileID: 100056, guid: 8f285f7aa5cbb1e4486e48a5adf966ff, type: 2}
  m_PrefabInternal: {fileID: 189523991}
  serializedVersion: 4
  m_Component:
  - 4: {fileID: 1227869056}
  - 33: {fileID: 1227869060}
  - 65: {fileID: 1227869059}
  - 23: {fileID: 1227869058}
  - 114: {fileID: 1227869057}
  m_Layer: 8
  m_Name: HookPoint
  m_TagString: Untagged
  m_Icon: {fileID: 0}
  m_NavMeshLayer: 0
  m_StaticEditorFlags: 4294967295
  m_IsActive: 1
--- !u!4 &1227869056
Transform:
  m_ObjectHideFlags: 0
  m_PrefabParentObject: {fileID: 400056, guid: 8f285f7aa5cbb1e4486e48a5adf966ff, type: 2}
  m_PrefabInternal: {fileID: 189523991}
  m_GameObject: {fileID: 1227869055}
  m_LocalRotation: {x: .183012664, y: .683012903, z: -.183012754, w: .683012545}
  m_LocalPosition: {x: 5.61600113, y: 9.72718906, z: 0}
  m_LocalScale: {x: 4, y: 4, z: 4}
  m_Children: []
  m_Father: {fileID: 443909794}
--- !u!114 &1227869057
MonoBehaviour:
  m_ObjectHideFlags: 0
  m_PrefabParentObject: {fileID: 11400064, guid: 8f285f7aa5cbb1e4486e48a5adf966ff,
    type: 2}
  m_PrefabInternal: {fileID: 189523991}
  m_GameObject: {fileID: 1227869055}
  m_Enabled: 1
  m_EditorHideFlags: 0
  m_Script: {fileID: 11500000, guid: 8e816133c430d1a4aaec14df7aaa53a3, type: 3}
  m_Name: 
  allowedElement: 6
  ghost: {fileID: 0}
  allowedHex: 7
  location: 3
--- !u!23 &1227869058
Renderer:
  m_ObjectHideFlags: 0
  m_PrefabParentObject: {fileID: 2300050, guid: 8f285f7aa5cbb1e4486e48a5adf966ff,
    type: 2}
  m_PrefabInternal: {fileID: 189523991}
  m_GameObject: {fileID: 1227869055}
  m_Enabled: 0
  m_CastShadows: 1
  m_ReceiveShadows: 1
  m_LightmapIndex: 255
  m_LightmapTilingOffset: {x: 1, y: 1, z: 0, w: 0}
  m_Materials:
  - {fileID: 10302, guid: 0000000000000000e000000000000000, type: 0}
  m_SubsetIndices: 
  m_StaticBatchRoot: {fileID: 0}
  m_UseLightProbes: 0
  m_LightProbeAnchor: {fileID: 0}
  m_ScaleInLightmap: 1
--- !u!65 &1227869059
BoxCollider:
  m_ObjectHideFlags: 0
  m_PrefabParentObject: {fileID: 6500040, guid: 8f285f7aa5cbb1e4486e48a5adf966ff,
    type: 2}
  m_PrefabInternal: {fileID: 189523991}
  m_GameObject: {fileID: 1227869055}
  m_Material: {fileID: 0}
  m_IsTrigger: 0
  m_Enabled: 0
  serializedVersion: 2
  m_Size: {x: 1, y: 1, z: 1}
  m_Center: {x: 0, y: 0, z: 0}
--- !u!33 &1227869060
MeshFilter:
  m_ObjectHideFlags: 0
  m_PrefabParentObject: {fileID: 3300050, guid: 8f285f7aa5cbb1e4486e48a5adf966ff,
    type: 2}
  m_PrefabInternal: {fileID: 189523991}
  m_GameObject: {fileID: 1227869055}
  m_Mesh: {fileID: 10202, guid: 0000000000000000e000000000000000, type: 0}
--- !u!1 &1301749736
GameObject:
  m_ObjectHideFlags: 0
  m_PrefabParentObject: {fileID: 100048, guid: 8f285f7aa5cbb1e4486e48a5adf966ff, type: 2}
  m_PrefabInternal: {fileID: 189523991}
  serializedVersion: 4
  m_Component:
  - 4: {fileID: 1301749737}
  - 33: {fileID: 1301749740}
  - 23: {fileID: 1301749739}
  - 114: {fileID: 1301749738}
  m_Layer: 8
  m_Name: Cube
  m_TagString: Untagged
  m_Icon: {fileID: 0}
  m_NavMeshLayer: 0
  m_StaticEditorFlags: 4294967295
  m_IsActive: 1
--- !u!4 &1301749737
Transform:
  m_ObjectHideFlags: 0
  m_PrefabParentObject: {fileID: 400046, guid: 8f285f7aa5cbb1e4486e48a5adf966ff, type: 2}
  m_PrefabInternal: {fileID: 189523991}
  m_GameObject: {fileID: 1301749736}
  m_LocalRotation: {x: 0, y: .707106829, z: 0, w: .707106829}
  m_LocalPosition: {x: 0, y: 0, z: 0}
  m_LocalScale: {x: 20, y: 10.5, z: 11.5}
  m_Children: []
  m_Father: {fileID: 388091262}
--- !u!114 &1301749738
MonoBehaviour:
  m_ObjectHideFlags: 0
  m_PrefabParentObject: {fileID: 11400042, guid: 8f285f7aa5cbb1e4486e48a5adf966ff,
    type: 2}
  m_PrefabInternal: {fileID: 189523991}
  m_GameObject: {fileID: 1301749736}
  m_Enabled: 1
  m_EditorHideFlags: 0
  m_Script: {fileID: 11500000, guid: 34c2cd30a6f478241a51e7e385393397, type: 3}
  m_Name: 
  type: 0
  mesh: {fileID: 0}
  vertexCount: 0
  triangleCount: 0
--- !u!23 &1301749739
Renderer:
  m_ObjectHideFlags: 0
  m_PrefabParentObject: {fileID: 2300044, guid: 8f285f7aa5cbb1e4486e48a5adf966ff,
    type: 2}
  m_PrefabInternal: {fileID: 189523991}
  m_GameObject: {fileID: 1301749736}
  m_Enabled: 0
  m_CastShadows: 1
  m_ReceiveShadows: 1
  m_LightmapIndex: 255
  m_LightmapTilingOffset: {x: 1, y: 1, z: 0, w: 0}
  m_Materials:
  - {fileID: 10302, guid: 0000000000000000e000000000000000, type: 0}
  m_SubsetIndices: 
  m_StaticBatchRoot: {fileID: 0}
  m_UseLightProbes: 0
  m_LightProbeAnchor: {fileID: 0}
  m_ScaleInLightmap: 1
--- !u!33 &1301749740
MeshFilter:
  m_ObjectHideFlags: 0
  m_PrefabParentObject: {fileID: 3300044, guid: 8f285f7aa5cbb1e4486e48a5adf966ff,
    type: 2}
  m_PrefabInternal: {fileID: 189523991}
  m_GameObject: {fileID: 1301749736}
  m_Mesh: {fileID: 10202, guid: 0000000000000000e000000000000000, type: 0}
--- !u!1 &1305492300
GameObject:
  m_ObjectHideFlags: 0
  m_PrefabParentObject: {fileID: 100070, guid: 8f285f7aa5cbb1e4486e48a5adf966ff, type: 2}
  m_PrefabInternal: {fileID: 189523991}
  serializedVersion: 4
  m_Component:
  - 4: {fileID: 1305492301}
  - 33: {fileID: 1305492305}
  - 65: {fileID: 1305492304}
  - 23: {fileID: 1305492303}
  - 114: {fileID: 1305492302}
  m_Layer: 8
  m_Name: HookPoint
  m_TagString: Untagged
  m_Icon: {fileID: 0}
  m_NavMeshLayer: 0
  m_StaticEditorFlags: 4294967295
  m_IsActive: 1
--- !u!4 &1305492301
Transform:
  m_ObjectHideFlags: 0
  m_PrefabParentObject: {fileID: 400070, guid: 8f285f7aa5cbb1e4486e48a5adf966ff, type: 2}
  m_PrefabInternal: {fileID: 189523991}
  m_GameObject: {fileID: 1305492300}
  m_LocalRotation: {x: 0, y: 0, z: -.866025388, w: -.50000006}
  m_LocalPosition: {x: -8.79852486, y: -5.08012533, z: 4.12500095}
  m_LocalScale: {x: 4, y: 4, z: 4}
  m_Children: []
  m_Father: {fileID: 443909794}
--- !u!114 &1305492302
MonoBehaviour:
  m_ObjectHideFlags: 0
  m_PrefabParentObject: {fileID: 11400078, guid: 8f285f7aa5cbb1e4486e48a5adf966ff,
    type: 2}
  m_PrefabInternal: {fileID: 189523991}
  m_GameObject: {fileID: 1305492300}
  m_Enabled: 1
  m_EditorHideFlags: 0
  m_Script: {fileID: 11500000, guid: 8e816133c430d1a4aaec14df7aaa53a3, type: 3}
  m_Name: 
  allowedElement: 6
  ghost: {fileID: 0}
  allowedHex: 7
  location: 3
--- !u!23 &1305492303
Renderer:
  m_ObjectHideFlags: 0
  m_PrefabParentObject: {fileID: 2300064, guid: 8f285f7aa5cbb1e4486e48a5adf966ff,
    type: 2}
  m_PrefabInternal: {fileID: 189523991}
  m_GameObject: {fileID: 1305492300}
  m_Enabled: 0
  m_CastShadows: 1
  m_ReceiveShadows: 1
  m_LightmapIndex: 255
  m_LightmapTilingOffset: {x: 1, y: 1, z: 0, w: 0}
  m_Materials:
  - {fileID: 10302, guid: 0000000000000000e000000000000000, type: 0}
  m_SubsetIndices: 
  m_StaticBatchRoot: {fileID: 0}
  m_UseLightProbes: 0
  m_LightProbeAnchor: {fileID: 0}
  m_ScaleInLightmap: 1
--- !u!65 &1305492304
BoxCollider:
  m_ObjectHideFlags: 0
  m_PrefabParentObject: {fileID: 6500054, guid: 8f285f7aa5cbb1e4486e48a5adf966ff,
    type: 2}
  m_PrefabInternal: {fileID: 189523991}
  m_GameObject: {fileID: 1305492300}
  m_Material: {fileID: 0}
  m_IsTrigger: 0
  m_Enabled: 0
  serializedVersion: 2
  m_Size: {x: 1, y: 1, z: 1}
  m_Center: {x: 0, y: 0, z: 0}
--- !u!33 &1305492305
MeshFilter:
  m_ObjectHideFlags: 0
  m_PrefabParentObject: {fileID: 3300064, guid: 8f285f7aa5cbb1e4486e48a5adf966ff,
    type: 2}
  m_PrefabInternal: {fileID: 189523991}
  m_GameObject: {fileID: 1305492300}
  m_Mesh: {fileID: 10202, guid: 0000000000000000e000000000000000, type: 0}
--- !u!1 &1318904214
GameObject:
  m_ObjectHideFlags: 0
  m_PrefabParentObject: {fileID: 0}
  m_PrefabInternal: {fileID: 0}
  serializedVersion: 4
  m_Component:
  - 4: {fileID: 1318904219}
  - 20: {fileID: 1318904218}
  - 92: {fileID: 1318904217}
  - 124: {fileID: 1318904216}
  - 81: {fileID: 1318904215}
  - 114: {fileID: 1318904220}
  m_Layer: 0
  m_Name: Main Camera
  m_TagString: MainCamera
  m_Icon: {fileID: 0}
  m_NavMeshLayer: 0
  m_StaticEditorFlags: 0
  m_IsActive: 1
--- !u!81 &1318904215
AudioListener:
  m_ObjectHideFlags: 0
  m_PrefabParentObject: {fileID: 0}
  m_PrefabInternal: {fileID: 0}
  m_GameObject: {fileID: 1318904214}
  m_Enabled: 1
--- !u!124 &1318904216
Behaviour:
  m_ObjectHideFlags: 0
  m_PrefabParentObject: {fileID: 0}
  m_PrefabInternal: {fileID: 0}
  m_GameObject: {fileID: 1318904214}
  m_Enabled: 1
--- !u!92 &1318904217
Behaviour:
  m_ObjectHideFlags: 0
  m_PrefabParentObject: {fileID: 0}
  m_PrefabInternal: {fileID: 0}
  m_GameObject: {fileID: 1318904214}
  m_Enabled: 1
--- !u!20 &1318904218
Camera:
  m_ObjectHideFlags: 0
  m_PrefabParentObject: {fileID: 0}
  m_PrefabInternal: {fileID: 0}
  m_GameObject: {fileID: 1318904214}
  m_Enabled: 1
  serializedVersion: 2
  m_ClearFlags: 1
  m_BackGroundColor: {r: .192156866, g: .301960796, b: .474509805, a: .0196078438}
  m_NormalizedViewPortRect:
    serializedVersion: 2
    x: 0
    y: 0
    width: 1
    height: 1
  near clip plane: .300000012
  far clip plane: 1000
  field of view: 60
  orthographic: 0
  orthographic size: 100
  m_Depth: -1
  m_CullingMask:
    serializedVersion: 2
    m_Bits: 4294967295
  m_RenderingPath: 2
  m_TargetTexture: {fileID: 0}
  m_HDR: 0
--- !u!4 &1318904219
Transform:
  m_ObjectHideFlags: 0
  m_PrefabParentObject: {fileID: 0}
  m_PrefabInternal: {fileID: 0}
  m_GameObject: {fileID: 1318904214}
  m_LocalRotation: {x: 0, y: 0, z: 0, w: 1}
  m_LocalPosition: {x: 0, y: 11.6170425, z: -42.1350594}
  m_LocalScale: {x: 1, y: 1, z: 1}
  m_Children: []
  m_Father: {fileID: 0}
--- !u!114 &1318904220
MonoBehaviour:
  m_ObjectHideFlags: 0
  m_PrefabParentObject: {fileID: 0}
  m_PrefabInternal: {fileID: 0}
  m_GameObject: {fileID: 1318904214}
  m_Enabled: 1
  m_EditorHideFlags: 0
  m_Script: {fileID: 11500000, guid: 3f0691f118940d74ca1b2dbc93d4a39c, type: 3}
  m_Name: 
  root: {fileID: 588212079}
  childs: []
--- !u!1 &1318988010
GameObject:
  m_ObjectHideFlags: 0
  m_PrefabParentObject: {fileID: 100064, guid: 8f285f7aa5cbb1e4486e48a5adf966ff, type: 2}
  m_PrefabInternal: {fileID: 189523991}
  serializedVersion: 4
  m_Component:
  - 4: {fileID: 1318988011}
  - 33: {fileID: 1318988015}
  - 65: {fileID: 1318988014}
  - 23: {fileID: 1318988013}
  - 114: {fileID: 1318988012}
  m_Layer: 8
  m_Name: HookPoint
  m_TagString: Untagged
  m_Icon: {fileID: 0}
  m_NavMeshLayer: 0
  m_StaticEditorFlags: 4294967295
  m_IsActive: 1
--- !u!4 &1318988011
Transform:
  m_ObjectHideFlags: 0
  m_PrefabParentObject: {fileID: 400064, guid: 8f285f7aa5cbb1e4486e48a5adf966ff, type: 2}
  m_PrefabInternal: {fileID: 189523991}
  m_GameObject: {fileID: 1318988010}
  m_LocalRotation: {x: .683012903, y: -.183012635, z: -.683012545, w: -.183012784}
  m_LocalPosition: {x: -5.61600113, y: -9.72719002, z: 0}
  m_LocalScale: {x: 4, y: 4, z: 4}
  m_Children: []
  m_Father: {fileID: 443909794}
--- !u!114 &1318988012
MonoBehaviour:
  m_ObjectHideFlags: 0
  m_PrefabParentObject: {fileID: 11400072, guid: 8f285f7aa5cbb1e4486e48a5adf966ff,
    type: 2}
  m_PrefabInternal: {fileID: 189523991}
  m_GameObject: {fileID: 1318988010}
  m_Enabled: 1
  m_EditorHideFlags: 0
  m_Script: {fileID: 11500000, guid: 8e816133c430d1a4aaec14df7aaa53a3, type: 3}
  m_Name: 
  allowedElement: 6
  ghost: {fileID: 0}
  allowedHex: 7
  location: 3
--- !u!23 &1318988013
Renderer:
  m_ObjectHideFlags: 0
  m_PrefabParentObject: {fileID: 2300058, guid: 8f285f7aa5cbb1e4486e48a5adf966ff,
    type: 2}
  m_PrefabInternal: {fileID: 189523991}
  m_GameObject: {fileID: 1318988010}
  m_Enabled: 0
  m_CastShadows: 1
  m_ReceiveShadows: 1
  m_LightmapIndex: 255
  m_LightmapTilingOffset: {x: 1, y: 1, z: 0, w: 0}
  m_Materials:
  - {fileID: 10302, guid: 0000000000000000e000000000000000, type: 0}
  m_SubsetIndices: 
  m_StaticBatchRoot: {fileID: 0}
  m_UseLightProbes: 0
  m_LightProbeAnchor: {fileID: 0}
  m_ScaleInLightmap: 1
--- !u!65 &1318988014
BoxCollider:
  m_ObjectHideFlags: 0
  m_PrefabParentObject: {fileID: 6500048, guid: 8f285f7aa5cbb1e4486e48a5adf966ff,
    type: 2}
  m_PrefabInternal: {fileID: 189523991}
  m_GameObject: {fileID: 1318988010}
  m_Material: {fileID: 0}
  m_IsTrigger: 0
  m_Enabled: 0
  serializedVersion: 2
  m_Size: {x: 1, y: 1, z: 1}
  m_Center: {x: 0, y: 0, z: 0}
--- !u!33 &1318988015
MeshFilter:
  m_ObjectHideFlags: 0
  m_PrefabParentObject: {fileID: 3300058, guid: 8f285f7aa5cbb1e4486e48a5adf966ff,
    type: 2}
  m_PrefabInternal: {fileID: 189523991}
  m_GameObject: {fileID: 1318988010}
  m_Mesh: {fileID: 10202, guid: 0000000000000000e000000000000000, type: 0}
--- !u!1 &1451040523
GameObject:
  m_ObjectHideFlags: 0
  m_PrefabParentObject: {fileID: 100024, guid: 8f285f7aa5cbb1e4486e48a5adf966ff, type: 2}
  m_PrefabInternal: {fileID: 189523991}
  serializedVersion: 4
  m_Component:
  - 4: {fileID: 1451040524}
  - 33: {fileID: 1451040528}
  - 65: {fileID: 1451040527}
  - 23: {fileID: 1451040526}
  - 114: {fileID: 1451040525}
  m_Layer: 8
  m_Name: HookPoint
  m_TagString: Untagged
  m_Icon: {fileID: 0}
  m_NavMeshLayer: 0
  m_StaticEditorFlags: 4294967295
  m_IsActive: 1
--- !u!4 &1451040524
Transform:
  m_ObjectHideFlags: 0
  m_PrefabParentObject: {fileID: 400024, guid: 8f285f7aa5cbb1e4486e48a5adf966ff, type: 2}
  m_PrefabInternal: {fileID: 189523991}
  m_GameObject: {fileID: 1451040523}
  m_LocalRotation: {x: 0, y: .707106829, z: 0, w: .707106829}
  m_LocalPosition: {x: 0, y: 10.1602526, z: 0}
  m_LocalScale: {x: 4, y: 4, z: 4}
  m_Children: []
  m_Father: {fileID: 443909794}
--- !u!114 &1451040525
MonoBehaviour:
  m_ObjectHideFlags: 0
  m_PrefabParentObject: {fileID: 11400024, guid: 8f285f7aa5cbb1e4486e48a5adf966ff,
    type: 2}
  m_PrefabInternal: {fileID: 189523991}
  m_GameObject: {fileID: 1451040523}
  m_Enabled: 1
  m_EditorHideFlags: 0
  m_Script: {fileID: 11500000, guid: 8e816133c430d1a4aaec14df7aaa53a3, type: 3}
  m_Name: 
  allowedElement: 6
  ghost: {fileID: 0}
  allowedHex: 7
  location: 3
--- !u!23 &1451040526
Renderer:
  m_ObjectHideFlags: 0
  m_PrefabParentObject: {fileID: 2300024, guid: 8f285f7aa5cbb1e4486e48a5adf966ff,
    type: 2}
  m_PrefabInternal: {fileID: 189523991}
  m_GameObject: {fileID: 1451040523}
  m_Enabled: 0
  m_CastShadows: 1
  m_ReceiveShadows: 1
  m_LightmapIndex: 255
  m_LightmapTilingOffset: {x: 1, y: 1, z: 0, w: 0}
  m_Materials:
  - {fileID: 10302, guid: 0000000000000000e000000000000000, type: 0}
  m_SubsetIndices: 
  m_StaticBatchRoot: {fileID: 0}
  m_UseLightProbes: 0
  m_LightProbeAnchor: {fileID: 0}
  m_ScaleInLightmap: 1
--- !u!65 &1451040527
BoxCollider:
  m_ObjectHideFlags: 0
  m_PrefabParentObject: {fileID: 6500024, guid: 8f285f7aa5cbb1e4486e48a5adf966ff,
    type: 2}
  m_PrefabInternal: {fileID: 189523991}
  m_GameObject: {fileID: 1451040523}
  m_Material: {fileID: 0}
  m_IsTrigger: 0
  m_Enabled: 0
  serializedVersion: 2
  m_Size: {x: 1, y: 1, z: 1}
  m_Center: {x: 0, y: 0, z: 0}
--- !u!33 &1451040528
MeshFilter:
  m_ObjectHideFlags: 0
  m_PrefabParentObject: {fileID: 3300024, guid: 8f285f7aa5cbb1e4486e48a5adf966ff,
    type: 2}
  m_PrefabInternal: {fileID: 189523991}
  m_GameObject: {fileID: 1451040523}
  m_Mesh: {fileID: 10202, guid: 0000000000000000e000000000000000, type: 0}
--- !u!1 &1456626208
GameObject:
  m_ObjectHideFlags: 0
  m_PrefabParentObject: {fileID: 100012, guid: 8f285f7aa5cbb1e4486e48a5adf966ff, type: 2}
  m_PrefabInternal: {fileID: 189523991}
  serializedVersion: 4
  m_Component:
  - 4: {fileID: 1456626213}
  - 33: {fileID: 1456626212}
  - 65: {fileID: 1456626211}
  - 23: {fileID: 1456626210}
  - 114: {fileID: 1456626209}
  m_Layer: 8
  m_Name: HookPoint
  m_TagString: Untagged
  m_Icon: {fileID: 0}
  m_NavMeshLayer: 0
  m_StaticEditorFlags: 4294967295
  m_IsActive: 1
--- !u!114 &1456626209
MonoBehaviour:
  m_ObjectHideFlags: 0
  m_PrefabParentObject: {fileID: 11400012, guid: 8f285f7aa5cbb1e4486e48a5adf966ff,
    type: 2}
  m_PrefabInternal: {fileID: 189523991}
  m_GameObject: {fileID: 1456626208}
  m_Enabled: 1
  m_EditorHideFlags: 0
  m_Script: {fileID: 11500000, guid: 8e816133c430d1a4aaec14df7aaa53a3, type: 3}
  m_Name: 
  allowedElement: 6
  ghost: {fileID: 0}
  allowedHex: 7
  location: 1
--- !u!23 &1456626210
Renderer:
  m_ObjectHideFlags: 0
  m_PrefabParentObject: {fileID: 2300012, guid: 8f285f7aa5cbb1e4486e48a5adf966ff,
    type: 2}
  m_PrefabInternal: {fileID: 189523991}
  m_GameObject: {fileID: 1456626208}
  m_Enabled: 0
  m_CastShadows: 1
  m_ReceiveShadows: 1
  m_LightmapIndex: 255
  m_LightmapTilingOffset: {x: 1, y: 1, z: 0, w: 0}
  m_Materials:
  - {fileID: 10302, guid: 0000000000000000e000000000000000, type: 0}
  m_SubsetIndices: 
  m_StaticBatchRoot: {fileID: 0}
  m_UseLightProbes: 0
  m_LightProbeAnchor: {fileID: 0}
  m_ScaleInLightmap: 1
--- !u!65 &1456626211
BoxCollider:
  m_ObjectHideFlags: 0
  m_PrefabParentObject: {fileID: 6500012, guid: 8f285f7aa5cbb1e4486e48a5adf966ff,
    type: 2}
  m_PrefabInternal: {fileID: 189523991}
  m_GameObject: {fileID: 1456626208}
  m_Material: {fileID: 0}
  m_IsTrigger: 0
  m_Enabled: 0
  serializedVersion: 2
  m_Size: {x: 1, y: 1, z: 1}
  m_Center: {x: 0, y: 0, z: 0}
--- !u!33 &1456626212
MeshFilter:
  m_ObjectHideFlags: 0
  m_PrefabParentObject: {fileID: 3300012, guid: 8f285f7aa5cbb1e4486e48a5adf966ff,
    type: 2}
  m_PrefabInternal: {fileID: 189523991}
  m_GameObject: {fileID: 1456626208}
  m_Mesh: {fileID: 10202, guid: 0000000000000000e000000000000000, type: 0}
--- !u!4 &1456626213
Transform:
  m_ObjectHideFlags: 0
  m_PrefabParentObject: {fileID: 400012, guid: 8f285f7aa5cbb1e4486e48a5adf966ff, type: 2}
  m_PrefabInternal: {fileID: 189523991}
  m_GameObject: {fileID: 1456626208}
  m_LocalRotation: {x: .683012784, y: -.183012635, z: -.183012664, w: .683012664}
  m_LocalPosition: {x: 8.79852486, y: -5.08012772, z: 0}
  m_LocalScale: {x: 4, y: 4, z: 4}
  m_Children: []
  m_Father: {fileID: 388797002}
--- !u!1 &1533191062
GameObject:
  m_ObjectHideFlags: 0
  m_PrefabParentObject: {fileID: 100058, guid: 8f285f7aa5cbb1e4486e48a5adf966ff, type: 2}
  m_PrefabInternal: {fileID: 189523991}
  serializedVersion: 4
  m_Component:
  - 4: {fileID: 1533191063}
  - 33: {fileID: 1533191067}
  - 65: {fileID: 1533191066}
  - 23: {fileID: 1533191065}
  - 114: {fileID: 1533191064}
  m_Layer: 8
  m_Name: HookPoint
  m_TagString: Untagged
  m_Icon: {fileID: 0}
  m_NavMeshLayer: 0
  m_StaticEditorFlags: 4294967295
  m_IsActive: 1
--- !u!4 &1533191063
Transform:
  m_ObjectHideFlags: 0
  m_PrefabParentObject: {fileID: 400058, guid: 8f285f7aa5cbb1e4486e48a5adf966ff, type: 2}
  m_PrefabInternal: {fileID: 189523991}
  m_GameObject: {fileID: 1533191062}
  m_LocalRotation: {x: -.183012888, y: .683012664, z: .183012888, w: .683012664}
  m_LocalPosition: {x: -5.61600113, y: 9.72718906, z: 0}
  m_LocalScale: {x: 4, y: 4, z: 4}
  m_Children: []
  m_Father: {fileID: 443909794}
--- !u!114 &1533191064
MonoBehaviour:
  m_ObjectHideFlags: 0
  m_PrefabParentObject: {fileID: 11400066, guid: 8f285f7aa5cbb1e4486e48a5adf966ff,
    type: 2}
  m_PrefabInternal: {fileID: 189523991}
  m_GameObject: {fileID: 1533191062}
  m_Enabled: 1
  m_EditorHideFlags: 0
  m_Script: {fileID: 11500000, guid: 8e816133c430d1a4aaec14df7aaa53a3, type: 3}
  m_Name: 
  allowedElement: 6
  ghost: {fileID: 0}
  allowedHex: 7
  location: 3
--- !u!23 &1533191065
Renderer:
  m_ObjectHideFlags: 0
  m_PrefabParentObject: {fileID: 2300052, guid: 8f285f7aa5cbb1e4486e48a5adf966ff,
    type: 2}
  m_PrefabInternal: {fileID: 189523991}
  m_GameObject: {fileID: 1533191062}
  m_Enabled: 0
  m_CastShadows: 1
  m_ReceiveShadows: 1
  m_LightmapIndex: 255
  m_LightmapTilingOffset: {x: 1, y: 1, z: 0, w: 0}
  m_Materials:
  - {fileID: 10302, guid: 0000000000000000e000000000000000, type: 0}
  m_SubsetIndices: 
  m_StaticBatchRoot: {fileID: 0}
  m_UseLightProbes: 0
  m_LightProbeAnchor: {fileID: 0}
  m_ScaleInLightmap: 1
--- !u!65 &1533191066
BoxCollider:
  m_ObjectHideFlags: 0
  m_PrefabParentObject: {fileID: 6500042, guid: 8f285f7aa5cbb1e4486e48a5adf966ff,
    type: 2}
  m_PrefabInternal: {fileID: 189523991}
  m_GameObject: {fileID: 1533191062}
  m_Material: {fileID: 0}
  m_IsTrigger: 0
  m_Enabled: 0
  serializedVersion: 2
  m_Size: {x: 1, y: 1, z: 1}
  m_Center: {x: 0, y: 0, z: 0}
--- !u!33 &1533191067
MeshFilter:
  m_ObjectHideFlags: 0
  m_PrefabParentObject: {fileID: 3300052, guid: 8f285f7aa5cbb1e4486e48a5adf966ff,
    type: 2}
  m_PrefabInternal: {fileID: 189523991}
  m_GameObject: {fileID: 1533191062}
  m_Mesh: {fileID: 10202, guid: 0000000000000000e000000000000000, type: 0}
--- !u!1 &1679452104
GameObject:
  m_ObjectHideFlags: 0
  m_PrefabParentObject: {fileID: 100030, guid: 8f285f7aa5cbb1e4486e48a5adf966ff, type: 2}
  m_PrefabInternal: {fileID: 189523991}
  serializedVersion: 4
  m_Component:
  - 4: {fileID: 1679452105}
  - 33: {fileID: 1679452109}
  - 65: {fileID: 1679452108}
  - 23: {fileID: 1679452107}
  - 114: {fileID: 1679452106}
  m_Layer: 8
  m_Name: HookPoint
  m_TagString: Untagged
  m_Icon: {fileID: 0}
  m_NavMeshLayer: 0
  m_StaticEditorFlags: 4294967295
  m_IsActive: 1
--- !u!4 &1679452105
Transform:
  m_ObjectHideFlags: 0
  m_PrefabParentObject: {fileID: 400030, guid: 8f285f7aa5cbb1e4486e48a5adf966ff, type: 2}
  m_PrefabInternal: {fileID: 189523991}
  m_GameObject: {fileID: 1679452104}
  m_LocalRotation: {x: .707106829, y: 3.09086232e-08, z: -.707106829, w: -3.09086232e-08}
  m_LocalPosition: {x: 0, y: -10.1602526, z: 0}
  m_LocalScale: {x: 4.02010202, y: 4, z: 4.02010155}
  m_Children: []
  m_Father: {fileID: 443909794}
--- !u!114 &1679452106
MonoBehaviour:
  m_ObjectHideFlags: 0
  m_PrefabParentObject: {fileID: 11400030, guid: 8f285f7aa5cbb1e4486e48a5adf966ff,
    type: 2}
  m_PrefabInternal: {fileID: 189523991}
  m_GameObject: {fileID: 1679452104}
  m_Enabled: 1
  m_EditorHideFlags: 0
  m_Script: {fileID: 11500000, guid: 8e816133c430d1a4aaec14df7aaa53a3, type: 3}
  m_Name: 
  allowedElement: 6
  ghost: {fileID: 0}
  allowedHex: 7
  location: 3
--- !u!23 &1679452107
Renderer:
  m_ObjectHideFlags: 0
  m_PrefabParentObject: {fileID: 2300030, guid: 8f285f7aa5cbb1e4486e48a5adf966ff,
    type: 2}
  m_PrefabInternal: {fileID: 189523991}
  m_GameObject: {fileID: 1679452104}
  m_Enabled: 0
  m_CastShadows: 1
  m_ReceiveShadows: 1
  m_LightmapIndex: 255
  m_LightmapTilingOffset: {x: 1, y: 1, z: 0, w: 0}
  m_Materials:
  - {fileID: 10302, guid: 0000000000000000e000000000000000, type: 0}
  m_SubsetIndices: 
  m_StaticBatchRoot: {fileID: 0}
  m_UseLightProbes: 0
  m_LightProbeAnchor: {fileID: 0}
  m_ScaleInLightmap: 1
--- !u!65 &1679452108
BoxCollider:
  m_ObjectHideFlags: 0
  m_PrefabParentObject: {fileID: 6500030, guid: 8f285f7aa5cbb1e4486e48a5adf966ff,
    type: 2}
  m_PrefabInternal: {fileID: 189523991}
  m_GameObject: {fileID: 1679452104}
  m_Material: {fileID: 0}
  m_IsTrigger: 0
  m_Enabled: 0
  serializedVersion: 2
  m_Size: {x: 1, y: 1, z: 1}
  m_Center: {x: 0, y: 0, z: 0}
--- !u!33 &1679452109
MeshFilter:
  m_ObjectHideFlags: 0
  m_PrefabParentObject: {fileID: 3300030, guid: 8f285f7aa5cbb1e4486e48a5adf966ff,
    type: 2}
  m_PrefabInternal: {fileID: 189523991}
  m_GameObject: {fileID: 1679452104}
  m_Mesh: {fileID: 10202, guid: 0000000000000000e000000000000000, type: 0}
--- !u!1 &1716668163
GameObject:
  m_ObjectHideFlags: 0
  m_PrefabParentObject: {fileID: 100032, guid: 8f285f7aa5cbb1e4486e48a5adf966ff, type: 2}
  m_PrefabInternal: {fileID: 189523991}
  serializedVersion: 4
  m_Component:
  - 4: {fileID: 1716668164}
  - 33: {fileID: 1716668168}
  - 65: {fileID: 1716668167}
  - 23: {fileID: 1716668166}
  - 114: {fileID: 1716668165}
  m_Layer: 8
  m_Name: HookPoint
  m_TagString: Untagged
  m_Icon: {fileID: 0}
  m_NavMeshLayer: 0
  m_StaticEditorFlags: 4294967295
  m_IsActive: 1
--- !u!4 &1716668164
Transform:
  m_ObjectHideFlags: 0
  m_PrefabParentObject: {fileID: 400032, guid: 8f285f7aa5cbb1e4486e48a5adf966ff, type: 2}
  m_PrefabInternal: {fileID: 189523991}
  m_GameObject: {fileID: 1716668163}
  m_LocalRotation: {x: 0, y: 0, z: -.866025448, w: .49999997}
  m_LocalPosition: {x: 8.79852486, y: -5.08012533, z: 4.12500095}
  m_LocalScale: {x: 4, y: 4, z: 4}
  m_Children: []
  m_Father: {fileID: 443909794}
--- !u!114 &1716668165
MonoBehaviour:
  m_ObjectHideFlags: 0
  m_PrefabParentObject: {fileID: 11400032, guid: 8f285f7aa5cbb1e4486e48a5adf966ff,
    type: 2}
  m_PrefabInternal: {fileID: 189523991}
  m_GameObject: {fileID: 1716668163}
  m_Enabled: 1
  m_EditorHideFlags: 0
  m_Script: {fileID: 11500000, guid: 8e816133c430d1a4aaec14df7aaa53a3, type: 3}
  m_Name: 
  allowedElement: 6
  ghost: {fileID: 0}
  allowedHex: 7
  location: 3
--- !u!23 &1716668166
Renderer:
  m_ObjectHideFlags: 0
  m_PrefabParentObject: {fileID: 2300032, guid: 8f285f7aa5cbb1e4486e48a5adf966ff,
    type: 2}
  m_PrefabInternal: {fileID: 189523991}
  m_GameObject: {fileID: 1716668163}
  m_Enabled: 0
  m_CastShadows: 1
  m_ReceiveShadows: 1
  m_LightmapIndex: 255
  m_LightmapTilingOffset: {x: 1, y: 1, z: 0, w: 0}
  m_Materials:
  - {fileID: 10302, guid: 0000000000000000e000000000000000, type: 0}
  m_SubsetIndices: 
  m_StaticBatchRoot: {fileID: 0}
  m_UseLightProbes: 0
  m_LightProbeAnchor: {fileID: 0}
  m_ScaleInLightmap: 1
--- !u!65 &1716668167
BoxCollider:
  m_ObjectHideFlags: 0
  m_PrefabParentObject: {fileID: 6500032, guid: 8f285f7aa5cbb1e4486e48a5adf966ff,
    type: 2}
  m_PrefabInternal: {fileID: 189523991}
  m_GameObject: {fileID: 1716668163}
  m_Material: {fileID: 0}
  m_IsTrigger: 0
  m_Enabled: 0
  serializedVersion: 2
  m_Size: {x: 1, y: 1, z: 1}
  m_Center: {x: 0, y: 0, z: 0}
--- !u!33 &1716668168
MeshFilter:
  m_ObjectHideFlags: 0
  m_PrefabParentObject: {fileID: 3300032, guid: 8f285f7aa5cbb1e4486e48a5adf966ff,
    type: 2}
  m_PrefabInternal: {fileID: 189523991}
  m_GameObject: {fileID: 1716668163}
  m_Mesh: {fileID: 10202, guid: 0000000000000000e000000000000000, type: 0}
--- !u!1 &1784109972
GameObject:
  m_ObjectHideFlags: 0
  m_PrefabParentObject: {fileID: 100062, guid: 8f285f7aa5cbb1e4486e48a5adf966ff, type: 2}
  m_PrefabInternal: {fileID: 189523991}
  serializedVersion: 4
  m_Component:
  - 4: {fileID: 1784109973}
  - 33: {fileID: 1784109977}
  - 65: {fileID: 1784109976}
  - 23: {fileID: 1784109975}
  - 114: {fileID: 1784109974}
  m_Layer: 8
  m_Name: HookPoint
  m_TagString: Untagged
  m_Icon: {fileID: 0}
  m_NavMeshLayer: 0
  m_StaticEditorFlags: 4294967295
  m_IsActive: 1
--- !u!4 &1784109973
Transform:
  m_ObjectHideFlags: 0
  m_PrefabParentObject: {fileID: 400062, guid: 8f285f7aa5cbb1e4486e48a5adf966ff, type: 2}
  m_PrefabInternal: {fileID: 189523991}
  m_GameObject: {fileID: 1784109972}
  m_LocalRotation: {x: .50000006, y: -.5, z: -.5, w: -.50000006}
  m_LocalPosition: {x: -11.2319984, y: -6.2584877e-07, z: 0}
  m_LocalScale: {x: 4, y: 4, z: 4}
  m_Children: []
  m_Father: {fileID: 443909794}
--- !u!114 &1784109974
MonoBehaviour:
  m_ObjectHideFlags: 0
  m_PrefabParentObject: {fileID: 11400070, guid: 8f285f7aa5cbb1e4486e48a5adf966ff,
    type: 2}
  m_PrefabInternal: {fileID: 189523991}
  m_GameObject: {fileID: 1784109972}
  m_Enabled: 1
  m_EditorHideFlags: 0
  m_Script: {fileID: 11500000, guid: 8e816133c430d1a4aaec14df7aaa53a3, type: 3}
  m_Name: 
  allowedElement: 6
  ghost: {fileID: 0}
  allowedHex: 7
  location: 3
--- !u!23 &1784109975
Renderer:
  m_ObjectHideFlags: 0
  m_PrefabParentObject: {fileID: 2300056, guid: 8f285f7aa5cbb1e4486e48a5adf966ff,
    type: 2}
  m_PrefabInternal: {fileID: 189523991}
  m_GameObject: {fileID: 1784109972}
  m_Enabled: 0
  m_CastShadows: 1
  m_ReceiveShadows: 1
  m_LightmapIndex: 255
  m_LightmapTilingOffset: {x: 1, y: 1, z: 0, w: 0}
  m_Materials:
  - {fileID: 10302, guid: 0000000000000000e000000000000000, type: 0}
  m_SubsetIndices: 
  m_StaticBatchRoot: {fileID: 0}
  m_UseLightProbes: 0
  m_LightProbeAnchor: {fileID: 0}
  m_ScaleInLightmap: 1
--- !u!65 &1784109976
BoxCollider:
  m_ObjectHideFlags: 0
  m_PrefabParentObject: {fileID: 6500046, guid: 8f285f7aa5cbb1e4486e48a5adf966ff,
    type: 2}
  m_PrefabInternal: {fileID: 189523991}
  m_GameObject: {fileID: 1784109972}
  m_Material: {fileID: 0}
  m_IsTrigger: 0
  m_Enabled: 0
  serializedVersion: 2
  m_Size: {x: 1, y: 1, z: 1}
  m_Center: {x: 0, y: 0, z: 0}
--- !u!33 &1784109977
MeshFilter:
  m_ObjectHideFlags: 0
  m_PrefabParentObject: {fileID: 3300056, guid: 8f285f7aa5cbb1e4486e48a5adf966ff,
    type: 2}
  m_PrefabInternal: {fileID: 189523991}
  m_GameObject: {fileID: 1784109972}
  m_Mesh: {fileID: 10202, guid: 0000000000000000e000000000000000, type: 0}
--- !u!1 &1820143915
GameObject:
  m_ObjectHideFlags: 0
  m_PrefabParentObject: {fileID: 100010, guid: 8f285f7aa5cbb1e4486e48a5adf966ff, type: 2}
  m_PrefabInternal: {fileID: 189523991}
  serializedVersion: 4
  m_Component:
  - 4: {fileID: 1820143916}
  - 33: {fileID: 1820143920}
  - 65: {fileID: 1820143919}
  - 23: {fileID: 1820143918}
  - 114: {fileID: 1820143917}
  m_Layer: 8
  m_Name: HookPoint
  m_TagString: Untagged
  m_Icon: {fileID: 0}
  m_NavMeshLayer: 0
  m_StaticEditorFlags: 4294967295
  m_IsActive: 1
--- !u!4 &1820143916
Transform:
  m_ObjectHideFlags: 0
  m_PrefabParentObject: {fileID: 400010, guid: 8f285f7aa5cbb1e4486e48a5adf966ff, type: 2}
  m_PrefabInternal: {fileID: 189523991}
  m_GameObject: {fileID: 1820143915}
  m_LocalRotation: {x: .683012724, y: .183012694, z: .183012694, w: .683012724}
  m_LocalPosition: {x: 8.79852486, y: 5.08012772, z: 0}
  m_LocalScale: {x: 4, y: 4, z: 4}
  m_Children: []
  m_Father: {fileID: 388797002}
--- !u!114 &1820143917
MonoBehaviour:
  m_ObjectHideFlags: 0
  m_PrefabParentObject: {fileID: 11400010, guid: 8f285f7aa5cbb1e4486e48a5adf966ff,
    type: 2}
  m_PrefabInternal: {fileID: 189523991}
  m_GameObject: {fileID: 1820143915}
  m_Enabled: 1
  m_EditorHideFlags: 0
  m_Script: {fileID: 11500000, guid: 8e816133c430d1a4aaec14df7aaa53a3, type: 3}
  m_Name: 
  allowedElement: 6
  ghost: {fileID: 0}
  allowedHex: 7
  location: 1
--- !u!23 &1820143918
Renderer:
  m_ObjectHideFlags: 0
  m_PrefabParentObject: {fileID: 2300010, guid: 8f285f7aa5cbb1e4486e48a5adf966ff,
    type: 2}
  m_PrefabInternal: {fileID: 189523991}
  m_GameObject: {fileID: 1820143915}
  m_Enabled: 0
  m_CastShadows: 1
  m_ReceiveShadows: 1
  m_LightmapIndex: 255
  m_LightmapTilingOffset: {x: 1, y: 1, z: 0, w: 0}
  m_Materials:
  - {fileID: 10302, guid: 0000000000000000e000000000000000, type: 0}
  m_SubsetIndices: 
  m_StaticBatchRoot: {fileID: 0}
  m_UseLightProbes: 0
  m_LightProbeAnchor: {fileID: 0}
  m_ScaleInLightmap: 1
--- !u!65 &1820143919
BoxCollider:
  m_ObjectHideFlags: 0
  m_PrefabParentObject: {fileID: 6500010, guid: 8f285f7aa5cbb1e4486e48a5adf966ff,
    type: 2}
  m_PrefabInternal: {fileID: 189523991}
  m_GameObject: {fileID: 1820143915}
  m_Material: {fileID: 0}
  m_IsTrigger: 0
  m_Enabled: 0
  serializedVersion: 2
  m_Size: {x: 1, y: 1, z: 1}
  m_Center: {x: 0, y: 0, z: 0}
--- !u!33 &1820143920
MeshFilter:
  m_ObjectHideFlags: 0
  m_PrefabParentObject: {fileID: 3300010, guid: 8f285f7aa5cbb1e4486e48a5adf966ff,
    type: 2}
  m_PrefabInternal: {fileID: 189523991}
  m_GameObject: {fileID: 1820143915}
  m_Mesh: {fileID: 10202, guid: 0000000000000000e000000000000000, type: 0}
--- !u!1 &1821820677
GameObject:
  m_ObjectHideFlags: 0
  m_PrefabParentObject: {fileID: 100006, guid: 8f285f7aa5cbb1e4486e48a5adf966ff, type: 2}
  m_PrefabInternal: {fileID: 189523991}
  serializedVersion: 4
  m_Component:
  - 4: {fileID: 1821820678}
  - 33: {fileID: 1821820682}
  - 65: {fileID: 1821820681}
  - 23: {fileID: 1821820680}
  - 114: {fileID: 1821820679}
  m_Layer: 8
  m_Name: HookPoint
  m_TagString: Untagged
  m_Icon: {fileID: 0}
  m_NavMeshLayer: 0
  m_StaticEditorFlags: 4294967295
  m_IsActive: 1
--- !u!4 &1821820678
Transform:
  m_ObjectHideFlags: 0
  m_PrefabParentObject: {fileID: 400006, guid: 8f285f7aa5cbb1e4486e48a5adf966ff, type: 2}
  m_PrefabInternal: {fileID: 189523991}
  m_GameObject: {fileID: 1821820677}
  m_LocalRotation: {x: .183012694, y: .683012724, z: .683012724, w: .183012694}
  m_LocalPosition: {x: -8.79852486, y: 5.08012772, z: 0}
  m_LocalScale: {x: 4, y: 4, z: 4}
  m_Children: []
  m_Father: {fileID: 388797002}
--- !u!114 &1821820679
MonoBehaviour:
  m_ObjectHideFlags: 0
  m_PrefabParentObject: {fileID: 11400006, guid: 8f285f7aa5cbb1e4486e48a5adf966ff,
    type: 2}
  m_PrefabInternal: {fileID: 189523991}
  m_GameObject: {fileID: 1821820677}
  m_Enabled: 1
  m_EditorHideFlags: 0
  m_Script: {fileID: 11500000, guid: 8e816133c430d1a4aaec14df7aaa53a3, type: 3}
  m_Name: 
  allowedElement: 6
  ghost: {fileID: 0}
  allowedHex: 7
  location: 1
--- !u!23 &1821820680
Renderer:
  m_ObjectHideFlags: 0
  m_PrefabParentObject: {fileID: 2300006, guid: 8f285f7aa5cbb1e4486e48a5adf966ff,
    type: 2}
  m_PrefabInternal: {fileID: 189523991}
  m_GameObject: {fileID: 1821820677}
  m_Enabled: 0
  m_CastShadows: 1
  m_ReceiveShadows: 1
  m_LightmapIndex: 255
  m_LightmapTilingOffset: {x: 1, y: 1, z: 0, w: 0}
  m_Materials:
  - {fileID: 10302, guid: 0000000000000000e000000000000000, type: 0}
  m_SubsetIndices: 
  m_StaticBatchRoot: {fileID: 0}
  m_UseLightProbes: 0
  m_LightProbeAnchor: {fileID: 0}
  m_ScaleInLightmap: 1
--- !u!65 &1821820681
BoxCollider:
  m_ObjectHideFlags: 0
  m_PrefabParentObject: {fileID: 6500006, guid: 8f285f7aa5cbb1e4486e48a5adf966ff,
    type: 2}
  m_PrefabInternal: {fileID: 189523991}
  m_GameObject: {fileID: 1821820677}
  m_Material: {fileID: 0}
  m_IsTrigger: 0
  m_Enabled: 0
  serializedVersion: 2
  m_Size: {x: 1, y: 1, z: 1}
  m_Center: {x: 0, y: 0, z: 0}
--- !u!33 &1821820682
MeshFilter:
  m_ObjectHideFlags: 0
  m_PrefabParentObject: {fileID: 3300006, guid: 8f285f7aa5cbb1e4486e48a5adf966ff,
    type: 2}
  m_PrefabInternal: {fileID: 189523991}
  m_GameObject: {fileID: 1821820677}
  m_Mesh: {fileID: 10202, guid: 0000000000000000e000000000000000, type: 0}
--- !u!1 &1902358971
GameObject:
  m_ObjectHideFlags: 0
  m_PrefabParentObject: {fileID: 100014, guid: 8f285f7aa5cbb1e4486e48a5adf966ff, type: 2}
  m_PrefabInternal: {fileID: 189523991}
  serializedVersion: 4
  m_Component:
  - 4: {fileID: 1902358972}
  - 33: {fileID: 1902358976}
  - 65: {fileID: 1902358975}
  - 23: {fileID: 1902358974}
  - 114: {fileID: 1902358973}
  m_Layer: 8
  m_Name: HookPoint
  m_TagString: Untagged
  m_Icon: {fileID: 0}
  m_NavMeshLayer: 0
  m_StaticEditorFlags: 4294967295
  m_IsActive: 1
--- !u!4 &1902358972
Transform:
  m_ObjectHideFlags: 0
  m_PrefabParentObject: {fileID: 400014, guid: 8f285f7aa5cbb1e4486e48a5adf966ff, type: 2}
  m_PrefabInternal: {fileID: 189523991}
  m_GameObject: {fileID: 1902358971}
  m_LocalRotation: {x: .50000006, y: -.49999994, z: -.50000006, w: .49999994}
  m_LocalPosition: {x: 0, y: -10.1602526, z: 0}
  m_LocalScale: {x: 4.02010202, y: 4, z: 4.02010155}
  m_Children: []
  m_Father: {fileID: 388797002}
--- !u!114 &1902358973
MonoBehaviour:
  m_ObjectHideFlags: 0
  m_PrefabParentObject: {fileID: 11400014, guid: 8f285f7aa5cbb1e4486e48a5adf966ff,
    type: 2}
  m_PrefabInternal: {fileID: 189523991}
  m_GameObject: {fileID: 1902358971}
  m_Enabled: 1
  m_EditorHideFlags: 0
  m_Script: {fileID: 11500000, guid: 8e816133c430d1a4aaec14df7aaa53a3, type: 3}
  m_Name: 
  allowedElement: 6
  ghost: {fileID: 0}
  allowedHex: 7
  location: 1
--- !u!23 &1902358974
Renderer:
  m_ObjectHideFlags: 0
  m_PrefabParentObject: {fileID: 2300014, guid: 8f285f7aa5cbb1e4486e48a5adf966ff,
    type: 2}
  m_PrefabInternal: {fileID: 189523991}
  m_GameObject: {fileID: 1902358971}
  m_Enabled: 0
  m_CastShadows: 1
  m_ReceiveShadows: 1
  m_LightmapIndex: 255
  m_LightmapTilingOffset: {x: 1, y: 1, z: 0, w: 0}
  m_Materials:
  - {fileID: 10302, guid: 0000000000000000e000000000000000, type: 0}
  m_SubsetIndices: 
  m_StaticBatchRoot: {fileID: 0}
  m_UseLightProbes: 0
  m_LightProbeAnchor: {fileID: 0}
  m_ScaleInLightmap: 1
--- !u!65 &1902358975
BoxCollider:
  m_ObjectHideFlags: 0
  m_PrefabParentObject: {fileID: 6500014, guid: 8f285f7aa5cbb1e4486e48a5adf966ff,
    type: 2}
  m_PrefabInternal: {fileID: 189523991}
  m_GameObject: {fileID: 1902358971}
  m_Material: {fileID: 0}
  m_IsTrigger: 0
  m_Enabled: 0
  serializedVersion: 2
  m_Size: {x: 1, y: 1, z: 1}
  m_Center: {x: 0, y: 0, z: 0}
--- !u!33 &1902358976
MeshFilter:
  m_ObjectHideFlags: 0
  m_PrefabParentObject: {fileID: 3300014, guid: 8f285f7aa5cbb1e4486e48a5adf966ff,
    type: 2}
  m_PrefabInternal: {fileID: 189523991}
  m_GameObject: {fileID: 1902358971}
  m_Mesh: {fileID: 10202, guid: 0000000000000000e000000000000000, type: 0}
--- !u!1 &2018511851
GameObject:
  m_ObjectHideFlags: 0
  m_PrefabParentObject: {fileID: 100060, guid: 8f285f7aa5cbb1e4486e48a5adf966ff, type: 2}
  m_PrefabInternal: {fileID: 189523991}
  serializedVersion: 4
  m_Component:
  - 4: {fileID: 2018511852}
  - 33: {fileID: 2018511856}
  - 65: {fileID: 2018511855}
  - 23: {fileID: 2018511854}
  - 114: {fileID: 2018511853}
  m_Layer: 8
  m_Name: HookPoint
  m_TagString: Untagged
  m_Icon: {fileID: 0}
  m_NavMeshLayer: 0
  m_StaticEditorFlags: 4294967295
  m_IsActive: 1
--- !u!4 &2018511852
Transform:
  m_ObjectHideFlags: 0
  m_PrefabParentObject: {fileID: 400060, guid: 8f285f7aa5cbb1e4486e48a5adf966ff, type: 2}
  m_PrefabInternal: {fileID: 189523991}
  m_GameObject: {fileID: 2018511851}
  m_LocalRotation: {x: 0, y: 0, z: .5, w: .866025388}
  m_LocalPosition: {x: -8.79852486, y: 5.0801239, z: 4.12500095}
  m_LocalScale: {x: 4, y: 4, z: 4}
  m_Children: []
  m_Father: {fileID: 443909794}
--- !u!114 &2018511853
MonoBehaviour:
  m_ObjectHideFlags: 0
  m_PrefabParentObject: {fileID: 11400068, guid: 8f285f7aa5cbb1e4486e48a5adf966ff,
    type: 2}
  m_PrefabInternal: {fileID: 189523991}
  m_GameObject: {fileID: 2018511851}
  m_Enabled: 1
  m_EditorHideFlags: 0
  m_Script: {fileID: 11500000, guid: 8e816133c430d1a4aaec14df7aaa53a3, type: 3}
  m_Name: 
  allowedElement: 6
  ghost: {fileID: 0}
  allowedHex: 7
  location: 3
--- !u!23 &2018511854
Renderer:
  m_ObjectHideFlags: 0
  m_PrefabParentObject: {fileID: 2300054, guid: 8f285f7aa5cbb1e4486e48a5adf966ff,
    type: 2}
  m_PrefabInternal: {fileID: 189523991}
  m_GameObject: {fileID: 2018511851}
  m_Enabled: 0
  m_CastShadows: 1
  m_ReceiveShadows: 1
  m_LightmapIndex: 255
  m_LightmapTilingOffset: {x: 1, y: 1, z: 0, w: 0}
  m_Materials:
  - {fileID: 10302, guid: 0000000000000000e000000000000000, type: 0}
  m_SubsetIndices: 
  m_StaticBatchRoot: {fileID: 0}
  m_UseLightProbes: 0
  m_LightProbeAnchor: {fileID: 0}
  m_ScaleInLightmap: 1
--- !u!65 &2018511855
BoxCollider:
  m_ObjectHideFlags: 0
  m_PrefabParentObject: {fileID: 6500044, guid: 8f285f7aa5cbb1e4486e48a5adf966ff,
    type: 2}
  m_PrefabInternal: {fileID: 189523991}
  m_GameObject: {fileID: 2018511851}
  m_Material: {fileID: 0}
  m_IsTrigger: 0
  m_Enabled: 0
  serializedVersion: 2
  m_Size: {x: 1, y: 1, z: 1}
  m_Center: {x: 0, y: 0, z: 0}
--- !u!33 &2018511856
MeshFilter:
  m_ObjectHideFlags: 0
  m_PrefabParentObject: {fileID: 3300054, guid: 8f285f7aa5cbb1e4486e48a5adf966ff,
    type: 2}
  m_PrefabInternal: {fileID: 189523991}
  m_GameObject: {fileID: 2018511851}
  m_Mesh: {fileID: 10202, guid: 0000000000000000e000000000000000, type: 0}
--- !u!1 &2029686933
GameObject:
  m_ObjectHideFlags: 0
  m_PrefabParentObject: {fileID: 100004, guid: 8f285f7aa5cbb1e4486e48a5adf966ff, type: 2}
  m_PrefabInternal: {fileID: 189523991}
  serializedVersion: 4
  m_Component:
  - 4: {fileID: 2029686934}
  - 33: {fileID: 2029686938}
  - 65: {fileID: 2029686937}
  - 23: {fileID: 2029686936}
  - 114: {fileID: 2029686935}
  m_Layer: 8
  m_Name: HookPoint
  m_TagString: Untagged
  m_Icon: {fileID: 0}
  m_NavMeshLayer: 0
  m_StaticEditorFlags: 4294967295
  m_IsActive: 1
--- !u!4 &2029686934
Transform:
  m_ObjectHideFlags: 0
  m_PrefabParentObject: {fileID: 400004, guid: 8f285f7aa5cbb1e4486e48a5adf966ff, type: 2}
  m_PrefabInternal: {fileID: 189523991}
  m_GameObject: {fileID: 2029686933}
  m_LocalRotation: {x: .183012694, y: -.683012724, z: -.683012724, w: .183012694}
  m_LocalPosition: {x: -8.79852486, y: -5.08012772, z: 0}
  m_LocalScale: {x: 4, y: 4, z: 4}
  m_Children: []
  m_Father: {fileID: 388797002}
--- !u!114 &2029686935
MonoBehaviour:
  m_ObjectHideFlags: 0
  m_PrefabParentObject: {fileID: 11400004, guid: 8f285f7aa5cbb1e4486e48a5adf966ff,
    type: 2}
  m_PrefabInternal: {fileID: 189523991}
  m_GameObject: {fileID: 2029686933}
  m_Enabled: 1
  m_EditorHideFlags: 0
  m_Script: {fileID: 11500000, guid: 8e816133c430d1a4aaec14df7aaa53a3, type: 3}
  m_Name: 
  allowedElement: 6
  ghost: {fileID: 0}
  allowedHex: 7
  location: 1
--- !u!23 &2029686936
Renderer:
  m_ObjectHideFlags: 0
  m_PrefabParentObject: {fileID: 2300004, guid: 8f285f7aa5cbb1e4486e48a5adf966ff,
    type: 2}
  m_PrefabInternal: {fileID: 189523991}
  m_GameObject: {fileID: 2029686933}
  m_Enabled: 0
  m_CastShadows: 1
  m_ReceiveShadows: 1
  m_LightmapIndex: 255
  m_LightmapTilingOffset: {x: 1, y: 1, z: 0, w: 0}
  m_Materials:
  - {fileID: 10302, guid: 0000000000000000e000000000000000, type: 0}
  m_SubsetIndices: 
  m_StaticBatchRoot: {fileID: 0}
  m_UseLightProbes: 0
  m_LightProbeAnchor: {fileID: 0}
  m_ScaleInLightmap: 1
--- !u!65 &2029686937
BoxCollider:
  m_ObjectHideFlags: 0
  m_PrefabParentObject: {fileID: 6500004, guid: 8f285f7aa5cbb1e4486e48a5adf966ff,
    type: 2}
  m_PrefabInternal: {fileID: 189523991}
  m_GameObject: {fileID: 2029686933}
  m_Material: {fileID: 0}
  m_IsTrigger: 0
  m_Enabled: 0
  serializedVersion: 2
  m_Size: {x: 1, y: 1, z: 1}
  m_Center: {x: 0, y: 0, z: 0}
--- !u!33 &2029686938
MeshFilter:
  m_ObjectHideFlags: 0
  m_PrefabParentObject: {fileID: 3300004, guid: 8f285f7aa5cbb1e4486e48a5adf966ff,
    type: 2}
  m_PrefabInternal: {fileID: 189523991}
  m_GameObject: {fileID: 2029686933}
  m_Mesh: {fileID: 10202, guid: 0000000000000000e000000000000000, type: 0}
--- !u!1 &2047324381
GameObject:
  m_ObjectHideFlags: 0
  m_PrefabParentObject: {fileID: 100068, guid: 8f285f7aa5cbb1e4486e48a5adf966ff, type: 2}
  m_PrefabInternal: {fileID: 189523991}
  serializedVersion: 4
  m_Component:
  - 4: {fileID: 2047324382}
  - 33: {fileID: 2047324386}
  - 65: {fileID: 2047324385}
  - 23: {fileID: 2047324384}
  - 114: {fileID: 2047324383}
  m_Layer: 8
  m_Name: HookPoint
  m_TagString: Untagged
  m_Icon: {fileID: 0}
  m_NavMeshLayer: 0
  m_StaticEditorFlags: 4294967295
  m_IsActive: 1
--- !u!4 &2047324382
Transform:
  m_ObjectHideFlags: 0
  m_PrefabParentObject: {fileID: 400068, guid: 8f285f7aa5cbb1e4486e48a5adf966ff, type: 2}
  m_PrefabInternal: {fileID: 189523991}
  m_GameObject: {fileID: 2047324381}
  m_LocalRotation: {x: 0, y: 0, z: -.5, w: .866025388}
  m_LocalPosition: {x: 8.79852486, y: 5.0801239, z: 4.12500095}
  m_LocalScale: {x: 4, y: 4, z: 4}
  m_Children: []
  m_Father: {fileID: 443909794}
--- !u!114 &2047324383
MonoBehaviour:
  m_ObjectHideFlags: 0
  m_PrefabParentObject: {fileID: 11400076, guid: 8f285f7aa5cbb1e4486e48a5adf966ff,
    type: 2}
  m_PrefabInternal: {fileID: 189523991}
  m_GameObject: {fileID: 2047324381}
  m_Enabled: 1
  m_EditorHideFlags: 0
  m_Script: {fileID: 11500000, guid: 8e816133c430d1a4aaec14df7aaa53a3, type: 3}
  m_Name: 
  allowedElement: 6
  ghost: {fileID: 0}
  allowedHex: 7
  location: 3
--- !u!23 &2047324384
Renderer:
  m_ObjectHideFlags: 0
  m_PrefabParentObject: {fileID: 2300062, guid: 8f285f7aa5cbb1e4486e48a5adf966ff,
    type: 2}
  m_PrefabInternal: {fileID: 189523991}
  m_GameObject: {fileID: 2047324381}
  m_Enabled: 0
  m_CastShadows: 1
  m_ReceiveShadows: 1
  m_LightmapIndex: 255
  m_LightmapTilingOffset: {x: 1, y: 1, z: 0, w: 0}
  m_Materials:
  - {fileID: 10302, guid: 0000000000000000e000000000000000, type: 0}
  m_SubsetIndices: 
  m_StaticBatchRoot: {fileID: 0}
  m_UseLightProbes: 0
  m_LightProbeAnchor: {fileID: 0}
  m_ScaleInLightmap: 1
--- !u!65 &2047324385
BoxCollider:
  m_ObjectHideFlags: 0
  m_PrefabParentObject: {fileID: 6500052, guid: 8f285f7aa5cbb1e4486e48a5adf966ff,
    type: 2}
  m_PrefabInternal: {fileID: 189523991}
  m_GameObject: {fileID: 2047324381}
  m_Material: {fileID: 0}
  m_IsTrigger: 0
  m_Enabled: 0
  serializedVersion: 2
  m_Size: {x: 1, y: 1, z: 1}
  m_Center: {x: 0, y: 0, z: 0}
--- !u!33 &2047324386
MeshFilter:
  m_ObjectHideFlags: 0
  m_PrefabParentObject: {fileID: 3300062, guid: 8f285f7aa5cbb1e4486e48a5adf966ff,
    type: 2}
  m_PrefabInternal: {fileID: 189523991}
  m_GameObject: {fileID: 2047324381}
  m_Mesh: {fileID: 10202, guid: 0000000000000000e000000000000000, type: 0}
--- !u!1 &2066266493
GameObject:
  m_ObjectHideFlags: 0
  m_PrefabParentObject: {fileID: 100022, guid: 8f285f7aa5cbb1e4486e48a5adf966ff, type: 2}
  m_PrefabInternal: {fileID: 189523991}
  serializedVersion: 4
  m_Component:
  - 4: {fileID: 2066266494}
  - 33: {fileID: 2066266498}
  - 65: {fileID: 2066266497}
  - 23: {fileID: 2066266496}
  - 114: {fileID: 2066266495}
  m_Layer: 8
  m_Name: HookPoint
  m_TagString: Untagged
  m_Icon: {fileID: 0}
  m_NavMeshLayer: 0
  m_StaticEditorFlags: 4294967295
  m_IsActive: 1
--- !u!4 &2066266494
Transform:
  m_ObjectHideFlags: 0
  m_PrefabParentObject: {fileID: 400022, guid: 8f285f7aa5cbb1e4486e48a5adf966ff, type: 2}
  m_PrefabInternal: {fileID: 189523991}
  m_GameObject: {fileID: 2066266493}
  m_LocalRotation: {x: -.353553563, y: .612372339, z: .353553563, w: .612372339}
  m_LocalPosition: {x: -8.79852676, y: 5.08012438, z: 0}
  m_LocalScale: {x: 4, y: 4, z: 4}
  m_Children: []
  m_Father: {fileID: 443909794}
--- !u!114 &2066266495
MonoBehaviour:
  m_ObjectHideFlags: 0
  m_PrefabParentObject: {fileID: 11400022, guid: 8f285f7aa5cbb1e4486e48a5adf966ff,
    type: 2}
  m_PrefabInternal: {fileID: 189523991}
  m_GameObject: {fileID: 2066266493}
  m_Enabled: 1
  m_EditorHideFlags: 0
  m_Script: {fileID: 11500000, guid: 8e816133c430d1a4aaec14df7aaa53a3, type: 3}
  m_Name: 
  allowedElement: 6
  ghost: {fileID: 0}
  allowedHex: 7
  location: 3
--- !u!23 &2066266496
Renderer:
  m_ObjectHideFlags: 0
  m_PrefabParentObject: {fileID: 2300022, guid: 8f285f7aa5cbb1e4486e48a5adf966ff,
    type: 2}
  m_PrefabInternal: {fileID: 189523991}
  m_GameObject: {fileID: 2066266493}
  m_Enabled: 0
  m_CastShadows: 1
  m_ReceiveShadows: 1
  m_LightmapIndex: 255
  m_LightmapTilingOffset: {x: 1, y: 1, z: 0, w: 0}
  m_Materials:
  - {fileID: 10302, guid: 0000000000000000e000000000000000, type: 0}
  m_SubsetIndices: 
  m_StaticBatchRoot: {fileID: 0}
  m_UseLightProbes: 0
  m_LightProbeAnchor: {fileID: 0}
  m_ScaleInLightmap: 1
--- !u!65 &2066266497
BoxCollider:
  m_ObjectHideFlags: 0
  m_PrefabParentObject: {fileID: 6500022, guid: 8f285f7aa5cbb1e4486e48a5adf966ff,
    type: 2}
  m_PrefabInternal: {fileID: 189523991}
  m_GameObject: {fileID: 2066266493}
  m_Material: {fileID: 0}
  m_IsTrigger: 0
  m_Enabled: 0
  serializedVersion: 2
  m_Size: {x: 1, y: 1, z: 1}
  m_Center: {x: 0, y: 0, z: 0}
--- !u!33 &2066266498
MeshFilter:
  m_ObjectHideFlags: 0
  m_PrefabParentObject: {fileID: 3300022, guid: 8f285f7aa5cbb1e4486e48a5adf966ff,
    type: 2}
  m_PrefabInternal: {fileID: 189523991}
  m_GameObject: {fileID: 2066266493}
  m_Mesh: {fileID: 10202, guid: 0000000000000000e000000000000000, type: 0}
--- !u!1 &2086633071
GameObject:
  m_ObjectHideFlags: 0
  m_PrefabParentObject: {fileID: 100052, guid: 8f285f7aa5cbb1e4486e48a5adf966ff, type: 2}
  m_PrefabInternal: {fileID: 189523991}
  serializedVersion: 4
  m_Component:
  - 4: {fileID: 2086633072}
  - 33: {fileID: 2086633075}
  - 23: {fileID: 2086633074}
  - 114: {fileID: 2086633073}
  m_Layer: 8
  m_Name: Cube
  m_TagString: Untagged
  m_Icon: {fileID: 0}
  m_NavMeshLayer: 0
  m_StaticEditorFlags: 4294967295
  m_IsActive: 1
--- !u!4 &2086633072
Transform:
  m_ObjectHideFlags: 0
  m_PrefabParentObject: {fileID: 400050, guid: 8f285f7aa5cbb1e4486e48a5adf966ff, type: 2}
  m_PrefabInternal: {fileID: 189523991}
  m_GameObject: {fileID: 2086633071}
  m_LocalRotation: {x: 0, y: .258819073, z: 0, w: .965925872}
  m_LocalPosition: {x: 0, y: 0, z: 0}
  m_LocalScale: {x: 20, y: 10.5, z: 11.5}
  m_Children: []
  m_Father: {fileID: 388091262}
--- !u!114 &2086633073
MonoBehaviour:
  m_ObjectHideFlags: 0
  m_PrefabParentObject: {fileID: 11400046, guid: 8f285f7aa5cbb1e4486e48a5adf966ff,
    type: 2}
  m_PrefabInternal: {fileID: 189523991}
  m_GameObject: {fileID: 2086633071}
  m_Enabled: 1
  m_EditorHideFlags: 0
  m_Script: {fileID: 11500000, guid: 34c2cd30a6f478241a51e7e385393397, type: 3}
  m_Name: 
  type: 0
  mesh: {fileID: 0}
  vertexCount: 0
  triangleCount: 0
--- !u!23 &2086633074
Renderer:
  m_ObjectHideFlags: 0
  m_PrefabParentObject: {fileID: 2300048, guid: 8f285f7aa5cbb1e4486e48a5adf966ff,
    type: 2}
  m_PrefabInternal: {fileID: 189523991}
  m_GameObject: {fileID: 2086633071}
  m_Enabled: 0
  m_CastShadows: 1
  m_ReceiveShadows: 1
  m_LightmapIndex: 255
  m_LightmapTilingOffset: {x: 1, y: 1, z: 0, w: 0}
  m_Materials:
  - {fileID: 10302, guid: 0000000000000000e000000000000000, type: 0}
  m_SubsetIndices: 
  m_StaticBatchRoot: {fileID: 0}
  m_UseLightProbes: 0
  m_LightProbeAnchor: {fileID: 0}
  m_ScaleInLightmap: 1
--- !u!33 &2086633075
MeshFilter:
  m_ObjectHideFlags: 0
  m_PrefabParentObject: {fileID: 3300048, guid: 8f285f7aa5cbb1e4486e48a5adf966ff,
    type: 2}
  m_PrefabInternal: {fileID: 189523991}
  m_GameObject: {fileID: 2086633071}
  m_Mesh: {fileID: 10202, guid: 0000000000000000e000000000000000, type: 0}
--- !u!1 &2112946442
GameObject:
  m_ObjectHideFlags: 0
  m_PrefabParentObject: {fileID: 100038, guid: 8f285f7aa5cbb1e4486e48a5adf966ff, type: 2}
  m_PrefabInternal: {fileID: 189523991}
  serializedVersion: 4
  m_Component:
  - 4: {fileID: 2112946443}
  - 33: {fileID: 2112946447}
  - 65: {fileID: 2112946446}
  - 23: {fileID: 2112946445}
  - 114: {fileID: 2112946444}
  m_Layer: 8
  m_Name: HookPoint
  m_TagString: Untagged
  m_Icon: {fileID: 0}
  m_NavMeshLayer: 0
  m_StaticEditorFlags: 4294967295
  m_IsActive: 1
--- !u!4 &2112946443
Transform:
  m_ObjectHideFlags: 0
  m_PrefabParentObject: {fileID: 400038, guid: 8f285f7aa5cbb1e4486e48a5adf966ff, type: 2}
  m_PrefabInternal: {fileID: 189523991}
  m_GameObject: {fileID: 2112946442}
  m_LocalRotation: {x: .500000179, y: .499999881, z: -.499999881, w: .500000179}
  m_LocalPosition: {x: 11.2319984, y: -6.2584877e-07, z: 0}
  m_LocalScale: {x: 4, y: 4, z: 4}
  m_Children: []
  m_Father: {fileID: 443909794}
--- !u!114 &2112946444
MonoBehaviour:
  m_ObjectHideFlags: 0
  m_PrefabParentObject: {fileID: 11400038, guid: 8f285f7aa5cbb1e4486e48a5adf966ff,
    type: 2}
  m_PrefabInternal: {fileID: 189523991}
  m_GameObject: {fileID: 2112946442}
  m_Enabled: 1
  m_EditorHideFlags: 0
  m_Script: {fileID: 11500000, guid: 8e816133c430d1a4aaec14df7aaa53a3, type: 3}
  m_Name: 
  allowedElement: 6
  ghost: {fileID: 0}
  allowedHex: 7
  location: 3
--- !u!23 &2112946445
Renderer:
  m_ObjectHideFlags: 0
  m_PrefabParentObject: {fileID: 2300038, guid: 8f285f7aa5cbb1e4486e48a5adf966ff,
    type: 2}
  m_PrefabInternal: {fileID: 189523991}
  m_GameObject: {fileID: 2112946442}
  m_Enabled: 0
  m_CastShadows: 1
  m_ReceiveShadows: 1
  m_LightmapIndex: 255
  m_LightmapTilingOffset: {x: 1, y: 1, z: 0, w: 0}
  m_Materials:
  - {fileID: 10302, guid: 0000000000000000e000000000000000, type: 0}
  m_SubsetIndices: 
  m_StaticBatchRoot: {fileID: 0}
  m_UseLightProbes: 0
  m_LightProbeAnchor: {fileID: 0}
  m_ScaleInLightmap: 1
--- !u!65 &2112946446
BoxCollider:
  m_ObjectHideFlags: 0
  m_PrefabParentObject: {fileID: 6500038, guid: 8f285f7aa5cbb1e4486e48a5adf966ff,
    type: 2}
  m_PrefabInternal: {fileID: 189523991}
  m_GameObject: {fileID: 2112946442}
  m_Material: {fileID: 0}
  m_IsTrigger: 0
  m_Enabled: 0
  serializedVersion: 2
  m_Size: {x: 1, y: 1, z: 1}
  m_Center: {x: 0, y: 0, z: 0}
--- !u!33 &2112946447
MeshFilter:
  m_ObjectHideFlags: 0
  m_PrefabParentObject: {fileID: 3300038, guid: 8f285f7aa5cbb1e4486e48a5adf966ff,
    type: 2}
  m_PrefabInternal: {fileID: 189523991}
  m_GameObject: {fileID: 2112946442}
  m_Mesh: {fileID: 10202, guid: 0000000000000000e000000000000000, type: 0}
